<?xml version="1.0" encoding="UTF-8"?>
<!DOCTYPE html PUBLIC "-//W3C//DTD XHTML 1.0 Transitional//EN"
    "http://www.w3.org/TR/xhtml1/DTD/xhtml1-transitional.dtd">
<html xmlns="http://www.w3.org/1999/xhtml" xml:lang="en" lang="en">
 <head>
  <title>
</title>
<meta http-equiv="Content-Type" content="text/html;charset=utf-8" />
  <meta name='ocr-system' content='tesseract 3.04.00' />
  <meta name='ocr-capabilities' content='ocr_page ocr_carea ocr_par ocr_line ocrx_word'/>
</head>
<body>
  <div class='ocr_page' id='page_1' title='image "./hyginiastronomi01hygigoog_0094.png"; bbox 0 0 4016 5914; ppageno 0'>
   <div class='ocr_carea' id='block_1_1' title="bbox 905 728 1115 796">
    <p class='ocr_par' dir='ltr' id='par_1_1' title="bbox 905 728 1115 796">
     <span class='ocr_line' id='line_1_1' title="bbox 905 728 1115 796; baseline -0.01 -18"><span class='ocrx_word' id='word_1_1' title='bbox 905 728 1115 796; x_wconf 75' lang='lat'>..85-</span> 
     </span>
    </p>
   </div>
   <div class='ocr_carea' id='block_1_2' title="bbox 328 881 1683 3638">
    <p class='ocr_par' dir='ltr' id='par_1_2' title="bbox 360 881 1624 1288">
     <span class='ocr_line' id='line_1_2' title="bbox 360 881 1622 983; baseline -0.013 -19"><span class='ocrx_word' id='word_1_2' title='bbox 360 939 361 946; x_wconf 18' lang='grc'><strong>1</strong></span> <span class='ocrx_word' id='word_1_3' title='bbox 394 898 426 964; x_wconf 89' lang='lat' dir='ltr'><strong>in</strong></span> <span class='ocrx_word' id='word_1_4' title='bbox 449 897 571 981; x_wconf 84' lang='lat' dir='ltr'><strong>papilla</strong></span> <span class='ocrx_word' id='word_1_5' title='bbox 601 899 714 966; x_wconf 89' lang='lat' dir='ltr'><strong>dextra</strong></span> <span class='ocrx_word' id='word_1_6' title='bbox 741 900 828 965; x_wconf 92' lang='lat' dir='ltr'><strong>clara</strong></span> <span class='ocrx_word' id='word_1_7' title='bbox 848 899 874 983; x_wconf 91' lang='lat'><strong>1,</strong></span> <span class='ocrx_word' id='word_1_8' title='bbox 903 899 936 964; x_wconf 92' lang='lat' dir='ltr'><strong>in</strong></span> <span class='ocrx_word' id='word_1_9' title='bbox 957 895 1073 964; x_wconf 90' lang='lat' dir='ltr'><strong>lumbis</strong></span> <span class='ocrx_word' id='word_1_10' title='bbox 1099 911 1214 978; x_wconf 84' lang='lat' dir='ltr'><strong>magna</strong></span> <span class='ocrx_word' id='word_1_11' title='bbox 1235 891 1264 975; x_wconf 90' lang='lat'><strong>1,</strong></span> <span class='ocrx_word' id='word_1_12' title='bbox 1293 889 1327 955; x_wconf 92' lang='lat' dir='ltr'><strong>in</strong></span> <span class='ocrx_word' id='word_1_13' title='bbox 1353 887 1482 955; x_wconf 86' lang='lat' dir='ltr'><strong>sinistro</strong></span> <span class='ocrx_word' id='word_1_14' title='bbox 1504 881 1622 952; x_wconf 80' lang='lat' dir='ltr'><strong>femine</strong></span> 
     </span>
     <span class='ocr_line' id='line_1_3' title="bbox 396 987 1624 1085; baseline -0.011 -20"><span class='ocrx_word' id='word_1_15' title='bbox 396 1002 487 1082; x_wconf 87' lang='lat' dir='ltr'><strong>duae,</strong></span> <span class='ocrx_word' id='word_1_16' title='bbox 508 1001 541 1065; x_wconf 91' lang='lat' dir='ltr'><strong>in</strong></span> <span class='ocrx_word' id='word_1_17' title='bbox 564 1019 647 1083; x_wconf 90' lang='lat' dir='ltr'><strong>genu</strong></span> <span class='ocrx_word' id='word_1_18' title='bbox 670 1001 694 1085; x_wconf 93' lang='lat' dir='ltr'><strong>I,</strong></span> <span class='ocrx_word' id='word_1_19' title='bbox 711 1001 744 1066; x_wconf 93' lang='lat' dir='ltr'><strong>in</strong></span> <span class='ocrx_word' id='word_1_20' title='bbox 765 1001 848 1083; x_wconf 90' lang='lat' dir='ltr'><strong>pede</strong></span> <span class='ocrx_word' id='word_1_21' title='bbox 869 1001 1003 1084; x_wconf 87' lang='lat' dir='ltr'><strong>primori</strong></span> <span class='ocrx_word' id='word_1_22' title='bbox 1025 1001 1138 1064; x_wconf 88' lang='lat' dir='ltr'><strong>dextro</strong></span> <span class='ocrx_word' id='word_1_23' title='bbox 1158 996 1188 1078; x_wconf 75' lang='lat'><strong>13</strong></span> <span class='ocrx_word' id='word_1_24' title='bbox 1209 995 1242 1060; x_wconf 92' lang='lat' dir='ltr'><strong>in</strong></span> <span class='ocrx_word' id='word_1_25' title='bbox 1265 992 1436 1077; x_wconf 87' lang='lat' dir='ltr'><strong>quadrato,</strong></span> <span class='ocrx_word' id='word_1_26' title='bbox 1458 1007 1521 1072; x_wconf 88' lang='lat' dir='ltr'><strong>quo</strong></span> <span class='ocrx_word' id='word_1_27' title='bbox 1544 987 1624 1054; x_wconf 90' lang='lat' dir='ltr'><strong>sella</strong></span> 
     </span>
     <span class='ocr_line' id='line_1_4' title="bbox 395 1089 1622 1186; baseline -0.011 -19"><span class='ocrx_word' id='word_1_28' title='bbox 395 1101 601 1184; x_wconf 79' lang='lat' dir='ltr'><strong>deformatur,</strong></span> <span class='ocrx_word' id='word_1_29' title='bbox 623 1122 700 1186; x_wconf 73' lang='lat' dir='ltr'><strong>una,</strong></span> <span class='ocrx_word' id='word_1_30' title='bbox 730 1103 762 1167; x_wconf 92' lang='lat' dir='ltr'><strong>in</strong></span> <span class='ocrx_word' id='word_1_31' title='bbox 795 1102 919 1186; x_wconf 75' lang='lat' dir='ltr'><strong>angulis</strong></span> <span class='ocrx_word' id='word_1_32' title='bbox 941 1102 1086 1184; x_wconf 89' lang='lat' dir='ltr'><strong>utrisque</strong></span> <span class='ocrx_word' id='word_1_33' title='bbox 1117 1097 1262 1182; x_wconf 81' lang='lat' dir='ltr'>singulae</span> <span class='ocrx_word' id='word_1_34' title='bbox 1293 1094 1410 1160; x_wconf 83' lang='lat' dir='ltr'><strong>clarius</strong></span> <span class='ocrx_word' id='word_1_35' title='bbox 1437 1089 1552 1157; x_wconf 89' lang='lat' dir='ltr'><strong>ceteris</strong></span> <span class='ocrx_word' id='word_1_36' title='bbox 1573 1089 1622 1153; x_wconf 91' lang='lat' dir='ltr'><strong>lu·</strong></span> 
     </span>
     <span class='ocr_line' id='line_1_5' title="bbox 396 1199 1272 1288; baseline -0.006 -20"><span class='ocrx_word' id='word_1_37' title='bbox 396 1208 502 1269; x_wconf 84' lang='lat' dir='ltr'><strong>centes</strong></span> <span class='ocrx_word' id='word_1_38' title='bbox 525 1249 533 1266; x_wconf 89' lang='lat'><strong>.</strong></span> <span class='ocrx_word' id='word_1_39' title='bbox 555 1203 634 1269; x_wconf 86' lang='lat' dir='ltr'><strong>haec</strong></span> <span class='ocrx_word' id='word_1_40' title='bbox 656 1203 755 1288; x_wconf 86' lang='lat' dir='ltr'><strong>igitur</strong></span> <span class='ocrx_word' id='word_1_41' title='bbox 777 1209 826 1270; x_wconf 89' lang='lat' dir='ltr'><strong>est</strong></span> <span class='ocrx_word' id='word_1_42' title='bbox 848 1202 976 1270; x_wconf 92' lang='lat' dir='ltr'><strong>omnino</strong></span> <span class='ocrx_word' id='word_1_43' title='bbox 999 1201 1163 1268; x_wconf 78' lang='lat' dir='ltr'><strong>stellarum</strong></span> <span class='ocrx_word' id='word_1_44' title='bbox 1186 1199 1272 1265; x_wconf 89' lang='lat' dir='ltr'>Xlll.</span> 
     </span>
    </p>

    <p class='ocr_par' dir='ltr' id='par_1_3' title="bbox 328 1293 1683 2286">
     <span class='ocr_line' id='line_1_6' title="bbox 479 1293 1660 1390; baseline -0.011 -18"><span class='ocrx_word' id='word_1_45' title='bbox 479 1307 509 1372; x_wconf 88' lang='lat' dir='ltr'>X</span> <span class='ocrx_word' id='word_1_46' title='bbox 531 1306 827 1373; x_wconf 85' lang='lat' dir='ltr'><strong>ANDltOMEDA</strong></span> <span class='ocrx_word' id='word_1_47' title='bbox 858 1305 1002 1390; x_wconf 85' lang='lat' dir='ltr'><strong>proxime</strong></span> <span class='ocrx_word' id='word_1_48' title='bbox 1024 1302 1231 1386; x_wconf 72' lang='lat' dir='ltr'><strong>Cassiepiam,</strong></span> <span class='ocrx_word' id='word_1_49' title='bbox 1260 1318 1359 1382; x_wconf 91' lang='lat' dir='ltr'><strong>supra</strong></span> <span class='ocrx_word' id='word_1_50' title='bbox 1389 1300 1493 1378; x_wconf 87' lang='lat' dir='ltr'><strong>caput·</strong></span> <span class='ocrx_word' id='word_1_51' title='bbox 1512 1293 1660 1367; x_wconf 82' lang='lat' dir='ltr'><strong>Persei5</strong></span> 
     </span>
     <span class='ocr_line' id='line_1_7' title="bbox 395 1398 1622 1489; baseline -0.01 -15"><span class='ocrx_word' id='word_1_52' title='bbox 395 1409 485 1475; x_wconf 85' lang='lat' dir='ltr'><strong>hreni</strong></span> <span class='ocrx_word' id='word_1_53' title='bbox 507 1409 679 1476; x_wconf 85' lang='lat' dir='ltr'><strong>interuallo</strong></span> <span class='ocrx_word' id='word_1_54' title='bbox 704 1407 878 1475; x_wconf 76' lang='lat' dir='ltr'><strong>dissidente</strong></span> <span class='ocrx_word' id='word_1_55' title='bbox 909 1409 1063 1474; x_wconf 87' lang='lat' dir='ltr'><strong>collocata</strong></span> <span class='ocrx_word' id='word_1_56' title='bbox 1085 1404 1291 1489; x_wconf 82' lang='lat' dir='ltr'><strong>perspicitur,</strong></span> <span class='ocrx_word' id='word_1_57' title='bbox 1315 1399 1462 1467; x_wconf 88' lang='lat' dir='ltr'><strong>manibus</strong></span> <span class='ocrx_word' id='word_1_58' title='bbox 1486 1398 1622 1465; x_wconf 91' lang='lat' dir='ltr'><strong>diuersis</strong></span> 
     </span>
     <span class='ocr_line' id='line_1_8' title="bbox 394 1499 1624 1594; baseline -0.011 -17"><span class='ocrx_word' id='word_1_59' title='bbox 394 1513 510 1586; x_wconf 86' lang='lat' dir='ltr'><strong>uincta,</strong></span> <span class='ocrx_word' id='word_1_60' title='bbox 532 1516 570 1576; x_wconf 93' lang='grc' dir='ltr'><strong>ιιι</strong></span> <span class='ocrx_word' id='word_1_61' title='bbox 591 1513 732 1594; x_wconf 89' lang='lat' dir='ltr'><strong>antiquis</strong></span> <span class='ocrx_word' id='word_1_62' title='bbox 754 1511 895 1577; x_wconf 86' lang='lat' dir='ltr'><strong>historiis</strong></span> <span class='ocrx_word' id='word_1_63' title='bbox 918 1515 967 1576; x_wconf 92' lang='lat' dir='ltr'><strong>est</strong></span> <span class='ocrx_word' id='word_1_64' title='bbox 986 1509 1140 1575; x_wconf 90' lang='lat' dir='ltr'><strong>traditum</strong></span> <span class='ocrx_word' id='word_1_65' title='bbox 1159 1555 1165 1569; x_wconf 94' lang='lat'><strong>.</strong></span> <span class='ocrx_word' id='word_1_66' title='bbox 1184 1507 1273 1572; x_wconf 89' lang='lat' dir='ltr'><strong>cuius</strong></span> <span class='ocrx_word' id='word_1_67' title='bbox 1297 1506 1395 1587; x_wconf 90' lang='lat' dir='ltr'><strong>caput</strong></span> <span class='ocrx_word' id='word_1_68' title='bbox 1416 1501 1489 1584; x_wconf 88' lang='lat' dir='ltr'><strong>equi</strong></span> <span class='ocrx_word' id='word_1_69' title='bbox 1506 1499 1624 1584; x_wconf 78' lang='lat' dir='ltr'><strong>Pegasi</strong></span> 
     </span>
     <span class='ocr_line' id='line_1_9' title="bbox 394 1603 1622 1694; baseline -0.009 -18"><span class='ocrx_word' id='word_1_70' title='bbox 394 1612 500 1678; x_wconf 88' lang='lat' dir='ltr'><strong>uentri</strong></span> <span class='ocrx_word' id='word_1_71' title='bbox 524 1611 739 1694; x_wconf 72' lang='lat' dir='ltr'><strong>coniungitur,</strong></span> <span class='ocrx_word' id='word_1_72' title='bbox 767 1613 877 1676; x_wconf 87' lang='lat' dir='ltr'><strong>eadem</strong></span> <span class='ocrx_word' id='word_1_73' title='bbox 901 1611 984 1676; x_wconf 93' lang='lat' dir='ltr'><strong>enim</strong></span> <span class='ocrx_word' id='word_1_74' title='bbox 1007 1611 1101 1676; x_wconf 87' lang='lat' dir='ltr'><strong>stella</strong></span> <span class='ocrx_word' id='word_1_75' title='bbox 1124 1613 1157 1674; x_wconf 92' lang='lat' dir='ltr'><strong>et</strong></span> <span class='ocrx_word' id='word_1_76' title='bbox 1178 1605 1345 1671; x_wconf 80' lang='lat' dir='ltr'><strong>umbilicus</strong></span> <span class='ocrx_word' id='word_1_77' title='bbox 1367 1603 1481 1686; x_wconf 83' lang='lat' dir='ltr'><strong>Pegasi</strong></span> <span class='ocrx_word' id='word_1_78' title='bbox 1504 1606 1538 1666; x_wconf 88' lang='lat' dir='ltr'><strong>ct</strong></span> <span class='ocrx_word' id='word_1_79' title='bbox 1558 1603 1622 1666; x_wconf 92' lang='lat' dir='ltr'><strong>An·</strong></span> 
     </span>
     <span class='ocr_line' id='line_1_10' title="bbox 341 1702 1621 1797; baseline -0.009 -19"><span class='ocrx_word' id='word_1_80' title='bbox 341 1731 345 1766; x_wconf 69' lang='lat'><em>³</em></span> <span class='ocrx_word' id='word_1_81' title='bbox 394 1713 567 1780; x_wconf 82' lang='lat' dir='ltr'><strong>dromedae</strong></span> <span class='ocrx_word' id='word_1_82' title='bbox 589 1719 686 1796; x_wconf 84' lang='lat' dir='ltr'><strong>capot</strong></span> <span class='ocrx_word' id='word_1_83' title='bbox 708 1711 1027 1797; x_wconf 62' lang='lat' dir='ltr'><strong>appellatorium</strong></span> <span class='ocrx_word' id='word_1_84' title='bbox 1048 1710 1318 1791; x_wconf 86' lang='lat' dir='ltr'><strong>mediumpectus</strong></span> <span class='ocrx_word' id='word_1_85' title='bbox 1340 1710 1373 1771; x_wconf 90' lang='lat' dir='ltr'><strong>et</strong></span> <span class='ocrx_word' id='word_1_86' title='bbox 1394 1721 1522 1770; x_wconf 89' lang='lat' dir='ltr'><strong>manum</strong></span> <span class='ocrx_word' id='word_1_87' title='bbox 1545 1702 1621 1769; x_wconf 87' lang='lat' dir='ltr'><strong>sini·</strong></span> 
     </span>
     <span class='ocr_line' id='line_1_11' title="bbox 328 1803 1683 1884; baseline -0.004 0"><span class='ocrx_word' id='word_1_88' title='bbox 328 1803 341 1840; x_wconf 67' lang='lat'><strong>³⁸</strong></span> <span class='ocrx_word' id='word_1_89' title='bbox 393 1823 493 1884; x_wconf 88' lang='lat' dir='ltr'><strong>stram</strong></span> <span class='ocrx_word' id='word_1_90' title='bbox 520 1817 658 1883; x_wconf 91' lang='lat' dir='ltr'><strong>circulus</strong></span> <span class='ocrx_word' id='word_1_91' title='bbox 680 1818 821 1883; x_wconf 88' lang='lat' dir='ltr'><strong>aestiuus</strong></span> <span class='ocrx_word' id='word_1_92' title='bbox 844 1816 989 1882; x_wconf 86' lang='lat' dir='ltr'><strong>diuidit.</strong></span> <span class='ocrx_word' id='word_1_93' title='bbox 1011 1813 1128 1881; x_wconf 89' lang='lat' dir='ltr'><strong>occidit</strong></span> <span class='ocrx_word' id='word_1_94' title='bbox 1150 1816 1256 1878; x_wconf 89' lang='lat' dir='ltr'><strong>nutem</strong></span> <span class='ocrx_word' id='word_1_95' title='bbox 1279 1828 1348 1876; x_wconf 92' lang='lat' dir='ltr'><strong>cum</strong></span> <span class='ocrx_word' id='word_1_96' title='bbox 1368 1808 1458 1874; x_wconf 88' lang='lat' dir='ltr'><strong>Pisce</strong></span> <span class='ocrx_word' id='word_1_97' title='bbox 1481 1807 1521 1874; x_wconf 93' lang='lat' dir='ltr'><strong>de</strong></span> <span class='ocrx_word' id='word_1_98' title='bbox 1544 1805 1622 1872; x_wconf 92' lang='lat' dir='ltr'><strong>duo·</strong></span> <span class='ocrx_word' id='word_1_99' title='bbox 1642 1811 1683 1878; x_wconf 94' lang='grc'><strong>10</strong></span> 
     </span>
     <span class='ocr_line' id='line_1_12' title="bbox 393 1908 1623 2002; baseline -0.008 -18"><span class='ocrx_word' id='word_1_100' title='bbox 393 1920 453 1984; x_wconf 92' lang='lat' dir='ltr'><strong>bus</strong></span> <span class='ocrx_word' id='word_1_101' title='bbox 476 1919 626 2000; x_wconf 91' lang='lat' dir='ltr'><strong>secundo,</strong></span> <span class='ocrx_word' id='word_1_102' title='bbox 648 1939 740 2002; x_wconf 90' lang='lat' dir='ltr'><strong>quem</strong></span> <span class='ocrx_word' id='word_1_103' title='bbox 763 1919 986 1985; x_wconf 85' lang='lat' dir='ltr'><strong>Andromedae</strong></span> <span class='ocrx_word' id='word_1_104' title='bbox 1005 1917 1183 1984; x_wconf 90' lang='lat' dir='ltr'><strong>subiectum</strong></span> <span class='ocrx_word' id='word_1_105' title='bbox 1205 1913 1336 1980; x_wconf 88' lang='lat' dir='ltr'><strong>brachio</strong></span> <span class='ocrx_word' id='word_1_106' title='bbox 1360 1908 1623 1994; x_wconf 88' lang='lat' dir='ltr'><strong>supradiximus,</strong></span> 
     </span>
     <span class='ocr_line' id='line_1_13' title="bbox 395 2013 1620 2103; baseline -0.009 -18"><span class='ocrx_word' id='word_1_107' title='bbox 395 2020 557 2086; x_wconf 87' lang='lat' dir='ltr'><strong>exoriente</strong></span> <span class='ocrx_word' id='word_1_108' title='bbox 587 2021 686 2086; x_wconf 86' lang='lat' dir='ltr'><strong>Libra</strong></span> <span class='ocrx_word' id='word_1_109' title='bbox 717 2026 750 2087; x_wconf 85' lang='lat' dir='ltr'><strong>et</strong></span> <span class='ocrx_word' id='word_1_110' title='bbox 779 2022 966 2103; x_wconf 88' lang='lat' dir='ltr'><strong>Scorpione,</strong></span> <span class='ocrx_word' id='word_1_111' title='bbox 1001 2020 1118 2102; x_wconf 79' lang='lat' dir='ltr'><strong>capite,</strong></span> <span class='ocrx_word' id='word_1_112' title='bbox 1141 2017 1231 2100; x_wconf 90' lang='lat' dir='ltr'><strong>prius</strong></span> <span class='ocrx_word' id='word_1_113' title='bbox 1269 2033 1364 2098; x_wconf 89' lang='lat' dir='ltr'><strong>quam</strong></span> <span class='ocrx_word' id='word_1_114' title='bbox 1394 2013 1519 2094; x_wconf 86' lang='lat' dir='ltr'><strong>reliquo</strong></span> <span class='ocrx_word' id='word_1_115' title='bbox 1550 2025 1620 2076; x_wconf 87' lang='lat' dir='ltr'><strong>cor-</strong></span> 
     </span>
     <span class='ocr_line' id='line_1_14' title="bbox 395 2111 1623 2202; baseline -0.009 -17"><span class='ocrx_word' id='word_1_116' title='bbox 395 2139 475 2202; x_wconf 91' lang='lat' dir='ltr'><strong>pore</strong></span> <span class='ocrx_word' id='word_1_117' title='bbox 505 2121 696 2202; x_wconf 89' lang='lat' dir='ltr'><strong>peruenieus</strong></span> <span class='ocrx_word' id='word_1_118' title='bbox 727 2122 768 2185; x_wconf 92' lang='lat' dir='ltr'><strong>ad</strong></span> <span class='ocrx_word' id='word_1_119' title='bbox 800 2125 918 2186; x_wconf 90' lang='lat' dir='ltr'><strong>terram</strong></span> <span class='ocrx_word' id='word_1_120' title='bbox 950 2167 957 2184; x_wconf 92' lang='lat'><strong>.</strong></span> <span class='ocrx_word' id='word_1_121' title='bbox 990 2119 1132 2185; x_wconf 89' lang='lat' dir='ltr'><strong>exoritur</strong></span> <span class='ocrx_word' id='word_1_122' title='bbox 1169 2122 1276 2183; x_wconf 84' lang='lat' dir='ltr'><strong>autern</strong></span> <span class='ocrx_word' id='word_1_123' title='bbox 1312 2133 1382 2179; x_wconf 90' lang='lat' dir='ltr'><strong>cum</strong></span> <span class='ocrx_word' id='word_1_124' title='bbox 1413 2111 1559 2177; x_wconf 86' lang='lat' dir='ltr'><strong>Piscibus</strong></span> <span class='ocrx_word' id='word_1_125' title='bbox 1591 2115 1623 2175; x_wconf 92' lang='lat' dir='ltr'><strong>et</strong></span> 
     </span>
     <span class='ocr_line' id='line_1_15' title="bbox 393 2222 510 2286; baseline -0.009 -1"><span class='ocrx_word' id='word_1_126' title='bbox 393 2222 510 2286; x_wconf 85' lang='lat' dir='ltr'><strong>Ariete.</strong></span> 
     </span>
    </p>

    <p class='ocr_par' dir='ltr' id='par_1_4' title="bbox 393 2316 1680 2799">
     <span class='ocr_line' id='line_1_16' title="bbox 479 2316 1680 2407; baseline -0.004 -18"><span class='ocrx_word' id='word_1_127' title='bbox 479 2324 567 2389; x_wconf 86' lang='lat' dir='ltr'><strong>Haec</strong></span> <span class='ocrx_word' id='word_1_128' title='bbox 589 2324 686 2390; x_wconf 86' lang='lat' dir='ltr'><strong>habet</strong></span> <span class='ocrx_word' id='word_1_129' title='bbox 717 2323 748 2389; x_wconf 92' lang='lat' dir='ltr'><strong>in</strong></span> <span class='ocrx_word' id='word_1_130' title='bbox 777 2325 881 2407; x_wconf 86' lang='lat' dir='ltr'><strong>capite</strong></span> <span class='ocrx_word' id='word_1_131' title='bbox 912 2325 1037 2390; x_wconf 86' lang='lat' dir='ltr'><strong>stellam</strong></span> <span class='ocrx_word' id='word_1_132' title='bbox 1070 2321 1155 2388; x_wconf 88' lang='lat' dir='ltr'><strong>clare</strong></span> <span class='ocrx_word' id='word_1_133' title='bbox 1185 2320 1343 2385; x_wconf 82' lang='lat' dir='ltr'><strong>lucentem</strong></span> <span class='ocrx_word' id='word_1_134' title='bbox 1366 2318 1391 2397; x_wconf 89' lang='lat'><strong>1,</strong></span> <span class='ocrx_word' id='word_1_135' title='bbox 1420 2317 1453 2381; x_wconf 92' lang='lat' dir='ltr'><strong>in</strong></span> <span class='ocrx_word' id='word_1_136' title='bbox 1483 2321 1620 2398; x_wconf 91' lang='lat' dir='ltr'><strong>utroque</strong></span> <span class='ocrx_word' id='word_1_137' title='bbox 1640 2316 1680 2384; x_wconf 81' lang='lat'><strong>15</strong></span> 
     </span>
     <span class='ocr_line' id='line_1_17' title="bbox 395 2417 1624 2507; baseline -0.007 -15"><span class='ocrx_word' id='word_1_138' title='bbox 395 2427 528 2492; x_wconf 90' lang='lat' dir='ltr'><strong>humero</strong></span> <span class='ocrx_word' id='word_1_139' title='bbox 546 2427 571 2506; x_wconf 96' lang='lat' dir='ltr'><strong>l,</strong></span> <span class='ocrx_word' id='word_1_140' title='bbox 593 2427 625 2490; x_wconf 92' lang='lat' dir='ltr'><strong>in</strong></span> <span class='ocrx_word' id='word_1_141' title='bbox 649 2425 756 2492; x_wconf 87' lang='lat' dir='ltr'><strong>cubito</strong></span> <span class='ocrx_word' id='word_1_142' title='bbox 779 2427 891 2492; x_wconf 88' lang='lat' dir='ltr'><strong>dextro</strong></span> <span class='ocrx_word' id='word_1_143' title='bbox 910 2427 934 2507; x_wconf 93' lang='lat' dir='ltr'><strong>I,</strong></span> <span class='ocrx_word' id='word_1_144' title='bbox 957 2426 988 2490; x_wconf 93' lang='lat' dir='ltr'><strong>in</strong></span> <span class='ocrx_word' id='word_1_145' title='bbox 1012 2421 1298 2507; x_wconf 88' lang='lat' dir='ltr'><strong>ipsamanu1,in</strong></span> <span class='ocrx_word' id='word_1_146' title='bbox 1321 2420 1450 2485; x_wconf 90' lang='lat' dir='ltr'><strong>sinistro</strong></span> <span class='ocrx_word' id='word_1_147' title='bbox 1473 2417 1581 2484; x_wconf 84' lang='lat' dir='ltr'><strong>cubito</strong></span> <span class='ocrx_word' id='word_1_148' title='bbox 1599 2419 1624 2500; x_wconf 92' lang='lat'><strong>1,</strong></span> 
     </span>
     <span class='ocr_line' id='line_1_18' title="bbox 393 2520 1623 2611; baseline -0.005 -19"><span class='ocrx_word' id='word_1_149' title='bbox 393 2528 426 2594; x_wconf 93' lang='lat' dir='ltr'><strong>in</strong></span> <span class='ocrx_word' id='word_1_150' title='bbox 449 2527 582 2593; x_wconf 89' lang='lat' dir='ltr'><strong>brachio</strong></span> <span class='ocrx_word' id='word_1_151' title='bbox 604 2527 630 2611; x_wconf 89' lang='grc' dir='ltr'><strong>Ι,</strong></span> <span class='ocrx_word' id='word_1_152' title='bbox 651 2528 683 2593; x_wconf 93' lang='lat' dir='ltr'><strong>in</strong></span> <span class='ocrx_word' id='word_1_153' title='bbox 707 2547 802 2594; x_wconf 91' lang='lat' dir='ltr'><strong>mnnu</strong></span> <span class='ocrx_word' id='word_1_154' title='bbox 824 2529 968 2611; x_wconf 89' lang='lat' dir='ltr'><strong>aiteram,</strong></span> <span class='ocrx_word' id='word_1_155' title='bbox 990 2528 1021 2593; x_wconf 93' lang='lat' dir='ltr'><strong>in</strong></span> <span class='ocrx_word' id='word_1_156' title='bbox 1045 2545 1125 2592; x_wconf 86' lang='lat' dir='ltr'><strong>nona</strong></span> <span class='ocrx_word' id='word_1_157' title='bbox 1142 2526 1200 2606; x_wconf 93' lang='lat' dir='ltr'><strong>III,</strong></span> <span class='ocrx_word' id='word_1_158' title='bbox 1230 2543 1329 2607; x_wconf 86' lang='lat' dir='ltr'><strong>supra</strong></span> <span class='ocrx_word' id='word_1_159' title='bbox 1359 2541 1471 2588; x_wconf 85' lang='lat' dir='ltr'><strong>zonam</strong></span> <span class='ocrx_word' id='word_1_160' title='bbox 1493 2521 1565 2604; x_wconf 90' lang='lat'><strong>1111,</strong></span> <span class='ocrx_word' id='word_1_161' title='bbox 1590 2520 1623 2586; x_wconf 94' lang='lat' dir='ltr'><strong>in</strong></span> 
     </span>
     <span class='ocr_line' id='line_1_19' title="bbox 398 2627 1623 2724; baseline -0.005 -28"><span class='ocrx_word' id='word_1_162' title='bbox 398 2637 642 2724; x_wconf 25' lang='lat' dir='ltr'><strong>utroque-genu</strong></span> <span class='ocrx_word' id='word_1_163' title='bbox 664 2632 689 2712; x_wconf 94' lang='lat' dir='ltr'><strong>I,</strong></span> <span class='ocrx_word' id='word_1_164' title='bbox 720 2632 751 2698; x_wconf 92' lang='lat' dir='ltr'><strong>in</strong></span> <span class='ocrx_word' id='word_1_165' title='bbox 774 2631 909 2715; x_wconf 89' lang='lat' dir='ltr'><strong>pedibus</strong></span> <span class='ocrx_word' id='word_1_166' title='bbox 940 2637 1047 2698; x_wconf 88' lang='lat' dir='ltr'><strong>autem</strong></span> <span class='ocrx_word' id='word_1_167' title='bbox 1070 2631 1161 2696; x_wconf 89' lang='lat' dir='ltr'><strong>binas</strong></span> <span class='ocrx_word' id='word_1_168' title='bbox 1180 2679 1185 2694; x_wconf 93' lang='lat'>.</span> <span class='ocrx_word' id='word_1_169' title='bbox 1203 2629 1250 2696; x_wconf 90' lang='lat' dir='ltr'><strong>ita</strong></span> <span class='ocrx_word' id='word_1_170' title='bbox 1281 2627 1408 2693; x_wconf 86' lang='lat' dir='ltr'><strong>omnino</strong></span> <span class='ocrx_word' id='word_1_171' title='bbox 1440 2631 1489 2692; x_wconf 88' lang='lat' dir='ltr'><strong>est</strong></span> <span class='ocrx_word' id='word_1_172' title='bbox 1514 2627 1623 2692; x_wconf 89' lang='lat' dir='ltr'><strong>steila-</strong></span> 
     </span>
     <span class='ocr_line' id='line_1_20' title="bbox 394 2734 1283 2799; baseline -0.002 -2"><span class='ocrx_word' id='word_1_173' title='bbox 394 2751 464 2798; x_wconf 90' lang='lat' dir='ltr'><strong>rum</strong></span> <span class='ocrx_word' id='word_1_174' title='bbox 488 2734 556 2799; x_wconf 88' lang='lat' dir='ltr'><strong>XX.</strong></span> <span class='ocrx_word' id='word_1_175' title='bbox 1280 2740 1283 2746; x_wconf 83' lang='lat'>&#39;</span> 
     </span>
    </p>

    <p class='ocr_par' dir='ltr' id='par_1_5' title="bbox 390 2832 1682 3638">
     <span class='ocr_line' id='line_1_21' title="bbox 479 2832 1682 2906; baseline -0.001 -5"><span class='ocrx_word' id='word_1_176' title='bbox 479 2837 523 2902; x_wconf 90' lang='lat' dir='ltr'><strong>Xl</strong></span> <span class='ocrx_word' id='word_1_177' title='bbox 555 2837 772 2906; x_wconf 83' lang='lat' dir='ltr'><strong>PERSEUS.</strong></span> <span class='ocrx_word' id='word_1_178' title='bbox 819 2837 923 2903; x_wconf 86' lang='lat' dir='ltr'><strong>Huius</strong></span> <span class='ocrx_word' id='word_1_179' title='bbox 955 2839 1119 2904; x_wconf 88' lang='lat' dir='ltr'><strong>sinistrum</strong></span> <span class='ocrx_word' id='word_1_180' title='bbox 1150 2854 1223 2902; x_wconf 92' lang='lat' dir='ltr'><strong>crus</strong></span> <span class='ocrx_word' id='word_1_181' title='bbox 1250 2839 1283 2901; x_wconf 91' lang='lat' dir='ltr'><strong>et</strong></span> <span class='ocrx_word' id='word_1_182' title='bbox 1304 2834 1470 2900; x_wconf 89' lang='lat' dir='ltr'><strong>humerum</strong></span> <span class='ocrx_word' id='word_1_183' title='bbox 1493 2833 1620 2899; x_wconf 87' lang='lat' dir='ltr'><strong>laeuum</strong></span> <span class='ocrx_word' id='word_1_184' title='bbox 1639 2832 1682 2900; x_wconf 79' lang='lat'><strong>20</strong></span> 
     </span>
     <span class='ocr_line' id='line_1_22' title="bbox 395 2935 1622 3025; baseline -0.002 -20"><span class='ocrx_word' id='word_1_185' title='bbox 395 2940 532 3005; x_wconf 91' lang='lat' dir='ltr'><strong>circulus</strong></span> <span class='ocrx_word' id='word_1_186' title='bbox 563 2941 706 3006; x_wconf 90' lang='lat' dir='ltr'><strong>aestiuus</strong></span> <span class='ocrx_word' id='word_1_187' title='bbox 737 2961 757 3006; x_wconf 94' lang='lat' dir='ltr'><strong>a</strong></span> <span class='ocrx_word' id='word_1_188' title='bbox 787 2941 911 3024; x_wconf 88' lang='lat' dir='ltr'><strong>reliquo</strong></span> <span class='ocrx_word' id='word_1_189' title='bbox 943 2959 1078 3025; x_wconf 89' lang='lat' dir='ltr'><strong>corpore</strong></span> <span class='ocrx_word' id='word_1_190' title='bbox 1110 2939 1255 3004; x_wconf 88' lang='lat' dir='ltr'><strong>diuidit.</strong></span> <span class='ocrx_word' id='word_1_191' title='bbox 1281 2937 1350 3020; x_wconf 92' lang='lat' dir='ltr'><strong>ipse</strong></span> <span class='ocrx_word' id='word_1_192' title='bbox 1380 2955 1477 3002; x_wconf 87' lang='lat' dir='ltr'><strong>manu</strong></span> <span class='ocrx_word' id='word_1_193' title='bbox 1509 2935 1622 3003; x_wconf 86' lang='lat' dir='ltr'><strong>dextra</strong></span> 
     </span>
     <span class='ocr_line' id='line_1_23' title="bbox 392 3039 1623 3128; baseline -0.002 -20"><span class='ocrx_word' id='word_1_194' title='bbox 392 3048 536 3109; x_wconf 91' lang='lat' dir='ltr'><strong>arctoum</strong></span> <span class='ocrx_word' id='word_1_195' title='bbox 559 3042 713 3109; x_wconf 90' lang='lat' dir='ltr'><strong>circulum</strong></span> <span class='ocrx_word' id='word_1_196' title='bbox 731 3045 843 3126; x_wconf 84' lang='lat' dir='ltr'><strong>tangit,</strong></span> <span class='ocrx_word' id='word_1_197' title='bbox 866 3044 978 3110; x_wconf 88' lang='lat' dir='ltr'><strong>dextro</strong></span> <span class='ocrx_word' id='word_1_198' title='bbox 997 3044 1079 3128; x_wconf 88' lang='lat' dir='ltr'><strong>pede</strong></span> <span class='ocrx_word' id='word_1_199' title='bbox 1098 3045 1195 3125; x_wconf 86' lang='lat' dir='ltr'><strong>caput</strong></span> <span class='ocrx_word' id='word_1_200' title='bbox 1211 3039 1350 3124; x_wconf 80' lang='lat' dir='ltr'><strong>Aurigae</strong></span> <span class='ocrx_word' id='word_1_201' title='bbox 1368 3057 1514 3124; x_wconf 85' lang='lat' dir='ltr'><strong>promere</strong></span> <span class='ocrx_word' id='word_1_202' title='bbox 1531 3039 1623 3106; x_wconf 85' lang='lat' dir='ltr'><strong>uelut</strong></span> 
     </span>
     <span class='ocr_line' id='line_1_24' title="bbox 394 3143 1623 3230; baseline -0.003 -18"><span class='ocrx_word' id='word_1_203' title='bbox 394 3165 525 3212; x_wconf 89' lang='lat' dir='ltr'><strong>currens</strong></span> <span class='ocrx_word' id='word_1_204' title='bbox 549 3146 678 3211; x_wconf 89' lang='lat' dir='ltr'><strong>uidetur</strong></span> <span class='ocrx_word' id='word_1_205' title='bbox 701 3193 707 3210; x_wconf 90' lang='lat'><strong>.</strong></span> <span class='ocrx_word' id='word_1_206' title='bbox 730 3147 813 3212; x_wconf 88' lang='lat' dir='ltr'><strong>idem</strong></span> <span class='ocrx_word' id='word_1_207' title='bbox 846 3148 992 3212; x_wconf 90' lang='lat' dir='ltr'><strong>occidens</strong></span> <span class='ocrx_word' id='word_1_208' title='bbox 1015 3146 1189 3230; x_wconf 83' lang='lat' dir='ltr'><strong>Sagittario</strong></span> <span class='ocrx_word' id='word_1_209' title='bbox 1221 3150 1254 3210; x_wconf 92' lang='lat' dir='ltr'><strong>et</strong></span> <span class='ocrx_word' id='word_1_210' title='bbox 1276 3143 1471 3226; x_wconf 86' lang='lat' dir='ltr'><strong>Capricorno</strong></span> <span class='ocrx_word' id='word_1_211' title='bbox 1502 3147 1623 3227; x_wconf 90' lang='lat' dir='ltr'><strong>exorto,</strong></span> 
     </span>
     <span class='ocr_line' id='line_1_25' title="bbox 393 3245 1622 3329; baseline -0.003 -17"><span class='ocrx_word' id='word_1_212' title='bbox 393 3249 562 3313; x_wconf 89' lang='lat' dir='ltr'><strong>inclinatus</strong></span> <span class='ocrx_word' id='word_1_213' title='bbox 585 3248 626 3312; x_wconf 89' lang='lat' dir='ltr'><strong>ad</strong></span> <span class='ocrx_word' id='word_1_214' title='bbox 650 3252 746 3329; x_wconf 85' lang='lat' dir='ltr'><strong>caput</strong></span> <span class='ocrx_word' id='word_1_215' title='bbox 771 3265 886 3312; x_wconf 89' lang='lat' dir='ltr'><strong>uersus</strong></span> <span class='ocrx_word' id='word_1_216' title='bbox 909 3266 980 3313; x_wconf 93' lang='lat' dir='ltr'><strong>cum</strong></span> <span class='ocrx_word' id='word_1_217' title='bbox 1003 3248 1114 3312; x_wconf 86' lang='lat' dir='ltr'><strong>Ariete</strong></span> <span class='ocrx_word' id='word_1_218' title='bbox 1138 3251 1170 3312; x_wconf 87' lang='lat' dir='ltr'><strong>et</strong></span> <span class='ocrx_word' id='word_1_219' title='bbox 1191 3246 1298 3311; x_wconf 90' lang='lat' dir='ltr'><strong>Tauro</strong></span> <span class='ocrx_word' id='word_1_220' title='bbox 1320 3248 1427 3310; x_wconf 89' lang='lat' dir='ltr'><strong>rectus</strong></span> <span class='ocrx_word' id='word_1_221' title='bbox 1450 3245 1622 3309; x_wconf 90' lang='lat' dir='ltr'><strong>exoritur.</strong></span> 
     </span>
     <span class='ocr_line' id='line_1_26' title="bbox 391 3345 1682 3430; baseline -0.002 -15"><span class='ocrx_word' id='word_1_222' title='bbox 391 3349 616 3415; x_wconf 84' lang='lat' dir='ltr'><strong>hebetantem</strong></span> <span class='ocrx_word' id='word_1_223' title='bbox 639 3349 672 3413; x_wconf 92' lang='lat' dir='ltr'><strong>in</strong></span> <span class='ocrx_word' id='word_1_224' title='bbox 695 3355 833 3430; x_wconf 89' lang='lat' dir='ltr'><strong>utroque</strong></span> <span class='ocrx_word' id='word_1_225' title='bbox 855 3349 988 3414; x_wconf 89' lang='lat' dir='ltr'><strong>humero</strong></span> <span class='ocrx_word' id='word_1_226' title='bbox 1011 3349 1135 3413; x_wconf 88' lang='lat' dir='ltr'><strong>stellam</strong></span> <span class='ocrx_word' id='word_1_227' title='bbox 1158 3348 1183 3427; x_wconf 89' lang='lat'><strong>1,</strong></span> <span class='ocrx_word' id='word_1_228' title='bbox 1212 3347 1245 3412; x_wconf 95' lang='lat' dir='ltr'><strong>in</strong></span> <span class='ocrx_word' id='word_1_229' title='bbox 1276 3365 1373 3411; x_wconf 91' lang='lat' dir='ltr'><strong>manu</strong></span> <span class='ocrx_word' id='word_1_230' title='bbox 1400 3347 1513 3412; x_wconf 88' lang='lat' dir='ltr'><strong>dextra</strong></span> <span class='ocrx_word' id='word_1_231' title='bbox 1535 3347 1621 3412; x_wconf 86' lang='lat' dir='ltr'><strong>clare</strong></span> <span class='ocrx_word' id='word_1_232' title='bbox 1638 3345 1682 3412; x_wconf 78' lang='grc'><strong>25</strong></span> 
     </span>
     <span class='ocr_line' id='line_1_27' title="bbox 391 3448 1621 3534; baseline 0.001 -19"><span class='ocrx_word' id='word_1_233' title='bbox 391 3452 548 3517; x_wconf 89' lang='lat' dir='ltr'><strong>lucentem</strong></span> <span class='ocrx_word' id='word_1_234' title='bbox 566 3451 583 3516; x_wconf 94' lang='lat'>1</span> <span class='ocrx_word' id='word_1_235' title='bbox 604 3471 667 3534; x_wconf 87' lang='lat' dir='ltr'><strong>qno</strong></span> <span class='ocrx_word' id='word_1_236' title='bbox 689 3451 801 3516; x_wconf 85' lang='lat' dir='ltr'><strong>falcem</strong></span> <span class='ocrx_word' id='word_1_237' title='bbox 825 3454 934 3516; x_wconf 88' lang='lat' dir='ltr'><strong>tenere</strong></span> <span class='ocrx_word' id='word_1_238' title='bbox 957 3449 1082 3530; x_wconf 89' lang='lat' dir='ltr'><strong>dicitnr,</strong></span> <span class='ocrx_word' id='word_1_239' title='bbox 1106 3468 1168 3532; x_wconf 91' lang='lat' dir='ltr'><strong>quo</strong></span> <span class='ocrx_word' id='word_1_240' title='bbox 1191 3449 1257 3514; x_wconf 88' lang='lat' dir='ltr'><strong>telo</strong></span> <span class='ocrx_word' id='word_1_241' title='bbox 1276 3449 1427 3530; x_wconf 87' lang='lat' dir='ltr'><strong>Gorgona</strong></span> <span class='ocrx_word' id='word_1_242' title='bbox 1449 3448 1621 3534; x_wconf 72' lang='lat' dir='ltr'><strong>interiecit,</strong></span> 
     </span>
     <span class='ocr_line' id='line_1_28' title="bbox 390 3552 1622 3638; baseline 0.002 -21"><span class='ocrx_word' id='word_1_243' title='bbox 390 3552 423 3618; x_wconf 91' lang='lat' dir='ltr'><strong>in</strong></span> <span class='ocrx_word' id='word_1_244' title='bbox 446 3553 576 3619; x_wconf 88' lang='lat' dir='ltr'><strong>sinistra</strong></span> <span class='ocrx_word' id='word_1_245' title='bbox 598 3555 744 3634; x_wconf 86' lang='lat' dir='ltr'><strong>alteram,</strong></span> <span class='ocrx_word' id='word_1_246' title='bbox 766 3573 829 3636; x_wconf 90' lang='lat' dir='ltr'><strong>qua</strong></span> <span class='ocrx_word' id='word_1_247' title='bbox 851 3559 948 3638; x_wconf 91' lang='lat' dir='ltr'><strong>caput</strong></span> <span class='ocrx_word' id='word_1_248' title='bbox 966 3553 1124 3636; x_wconf 86' lang='lat' dir='ltr'><strong>Gorgonis</strong></span> <span class='ocrx_word' id='word_1_249' title='bbox 1146 3558 1257 3619; x_wconf 87' lang='lat' dir='ltr'><strong>tenere</strong></span> <span class='ocrx_word' id='word_1_250' title='bbox 1279 3553 1505 3619; x_wconf 85' lang='lat' dir='ltr'><strong>existimatur.</strong></span> <span class='ocrx_word' id='word_1_251' title='bbox 1523 3554 1622 3622; x_wconf 86' lang='lat' dir='ltr'><strong>habet</strong></span> 
     </span>
    </p>
   </div>
   <div class='ocr_carea' id='block_1_3' title="bbox 390 3789 1620 4117">
    <p class='ocr_par' dir='ltr' id='par_1_6' title="bbox 390 3789 1620 4117">
     <span class='ocr_line' id='line_1_29' title="bbox 460 3789 1620 3864; baseline 0.006 -21"><span class='ocrx_word' id='word_1_252' title='bbox 460 3790 484 3843; x_wconf 88' lang='lat' dir='ltr'>D</span> <span class='ocrx_word' id='word_1_253' title='bbox 503 3795 519 3844; x_wconf 83' lang='lat'><strong>2</strong></span> <span class='ocrx_word' id='word_1_254' title='bbox 537 3790 616 3844; x_wconf 86' lang='lat' dir='ltr'><strong>steila</strong></span> <span class='ocrx_word' id='word_1_255' title='bbox 630 3793 635 3858; x_wconf 79' lang='grc'><strong>1</strong></span> <span class='ocrx_word' id='word_1_256' title='bbox 650 3794 667 3846; x_wconf 79' lang='grc'><strong>1</strong></span> <span class='ocrx_word' id='word_1_257' title='bbox 685 3791 772 3846; x_wconf 85' lang='grc' dir='ltr'><strong>Χ1111.</strong></span> <span class='ocrx_word' id='word_1_258' title='bbox 792 3822 824 3830; x_wconf 94' lang='grc'><strong>-</strong></span> <span class='ocrx_word' id='word_1_259' title='bbox 843 3791 865 3844; x_wconf 83' lang='grc'><strong>(1</strong></span> <span class='ocrx_word' id='word_1_260' title='bbox 886 3796 899 3846; x_wconf 91' lang='grc'><strong>1</strong></span> <span class='ocrx_word' id='word_1_261' title='bbox 919 3790 1014 3846; x_wconf 87' lang='lat' dir='ltr'><strong>iominc</strong></span> <span class='ocrx_word' id='word_1_262' title='bbox 1036 3789 1194 3860; x_wconf 69' lang='lat' dir='ltr'><strong>sinistrali</strong></span> <span class='ocrx_word' id='word_1_263' title='bbox 1212 3789 1269 3846; x_wconf 87' lang='lat' dir='ltr'><strong>lice</strong></span> <span class='ocrx_word' id='word_1_264' title='bbox 1291 3797 1332 3846; x_wconf 89' lang='lat' dir='ltr'><strong>cst</strong></span> <span class='ocrx_word' id='word_1_265' title='bbox 1354 3791 1491 3847; x_wconf 83' lang='lat' dir='ltr'><strong>stellarum</strong></span> <span class='ocrx_word' id='word_1_266' title='bbox 1506 3791 1511 3860; x_wconf 95' lang='grc' dir='ltr'>Ι</span> <span class='ocrx_word' id='word_1_267' title='bbox 1526 3795 1542 3849; x_wconf 80' lang='grc'>5</span> <span class='ocrx_word' id='word_1_268' title='bbox 1560 3809 1620 3864; x_wconf 89' lang='lat' dir='ltr'><strong>pro·</strong></span> 
     </span>
     <span class='ocr_line' id='line_1_30' title="bbox 391 3875 1619 3947; baseline 0.004 -19"><span class='ocrx_word' id='word_1_269' title='bbox 391 3875 462 3929; x_wconf 84' lang='lat' dir='ltr'><strong>xima</strong></span> <span class='ocrx_word' id='word_1_270' title='bbox 478 3875 638 3945; x_wconf 86' lang='lat' dir='ltr'><strong>cassiopeiae</strong></span> <span class='ocrx_word' id='word_1_271' title='bbox 656 3891 736 3945; x_wconf 88' lang='lat' dir='ltr'><strong>super</strong></span> <span class='ocrx_word' id='word_1_272' title='bbox 751 3879 755 3944; x_wconf 77' lang='lat' dir='ltr'><strong>i</strong></span> <span class='ocrx_word' id='word_1_273' title='bbox 771 3880 787 3932; x_wconf 88' lang='lat'><strong>6</strong></span> <span class='ocrx_word' id='word_1_274' title='bbox 805 3875 910 3931; x_wconf 89' lang='lat' dir='ltr'><strong>uidetur</strong></span> <span class='ocrx_word' id='word_1_275' title='bbox 925 3878 930 3943; x_wconf 78' lang='grc' dir='ltr'>ι</span> <span class='ocrx_word' id='word_1_276' title='bbox 946 3881 961 3930; x_wconf 86' lang='grc'><strong>7</strong></span> <span class='ocrx_word' id='word_1_277' title='bbox 979 3876 1069 3930; x_wconf 87' lang='lat' dir='ltr'><strong>iuncta</strong></span> <span class='ocrx_word' id='word_1_278' title='bbox 1087 3877 1092 3944; x_wconf 89' lang='grc' dir='ltr'>Ι</span> <span class='ocrx_word' id='word_1_279' title='bbox 1112 3875 1230 3947; x_wconf 85' lang='lat' dir='ltr'><strong>historiis</strong></span> <span class='ocrx_word' id='word_1_280' title='bbox 1250 3893 1301 3933; x_wconf 87' lang='lat' dir='ltr'><strong>om.</strong></span> <span class='ocrx_word' id='word_1_281' title='bbox 1317 3879 1322 3944; x_wconf 78' lang='grc' dir='ltr'>ι</span> <span class='ocrx_word' id='word_1_282' title='bbox 1338 3882 1370 3934; x_wconf 81' lang='lat'><strong>15</strong></span> <span class='ocrx_word' id='word_1_283' title='bbox 1388 3877 1493 3932; x_wconf 84' lang='lat' dir='ltr'><strong>stellam</strong></span> <span class='ocrx_word' id='word_1_284' title='bbox 1514 3877 1528 3932; x_wconf 93' lang='lat'>1</span> <span class='ocrx_word' id='word_1_285' title='bbox 1547 3878 1619 3933; x_wconf 82' lang='lat' dir='ltr'><strong>clare</strong></span> 
     </span>
     <span class='ocr_line' id='line_1_31' title="bbox 392 3958 1619 4034; baseline 0.005 -19"><span class='ocrx_word' id='word_1_286' title='bbox 392 3961 524 4015; x_wconf 88' lang='lat' dir='ltr'><strong>lucentem</strong></span> <span class='ocrx_word' id='word_1_287' title='bbox 540 3964 544 4028; x_wconf 81' lang='grc' dir='ltr'>Ι</span> <span class='ocrx_word' id='word_1_288' title='bbox 561 3966 592 4018; x_wconf 81' lang='grc'><strong>16</strong></span> <span class='ocrx_word' id='word_1_289' title='bbox 609 3959 646 4016; x_wconf 84' lang='lat' dir='ltr'><strong>‘in</strong></span> <span class='ocrx_word' id='word_1_290' title='bbox 664 3961 753 4016; x_wconf 89' lang='lat' dir='ltr'><strong>cubito</strong></span> <span class='ocrx_word' id='word_1_291' title='bbox 775 3961 869 4016; x_wconf 88' lang='lat' dir='ltr'><strong>dextro</strong></span> <span class='ocrx_word' id='word_1_292' title='bbox 887 3958 907 4017; x_wconf 84' lang='lat'><strong>1’</strong></span> <span class='ocrx_word' id='word_1_293' title='bbox 926 3978 976 4017; x_wconf 91' lang='lat' dir='ltr'><strong>om.</strong></span> <span class='ocrx_word' id='word_1_294' title='bbox 992 3965 997 4030; x_wconf 88' lang='grc' dir='ltr'>Ι</span> <span class='ocrx_word' id='word_1_295' title='bbox 1014 3967 1045 4016; x_wconf 88' lang='grc'><strong>17</strong></span> <span class='ocrx_word' id='word_1_296' title='bbox 1063 3977 1143 4030; x_wconf 86' lang='lat' dir='ltr'><strong>super</strong></span> <span class='ocrx_word' id='word_1_297' title='bbox 1157 3961 1163 4032; x_wconf 86' lang='grc' dir='ltr'>Ι</span> <span class='ocrx_word' id='word_1_298' title='bbox 1179 3967 1211 4018; x_wconf 86' lang='grc'><strong>18</strong></span> <span class='ocrx_word' id='word_1_299' title='bbox 1228 3967 1318 4016; x_wconf 81' lang='lat' dir='ltr'><strong>autem·</strong></span> <span class='ocrx_word' id='word_1_300' title='bbox 1335 3977 1385 4016; x_wconf 87' lang='lat' dir='ltr'><strong>om.</strong></span> <span class='ocrx_word' id='word_1_301' title='bbox 1401 3963 1406 4034; x_wconf 89' lang='grc' dir='ltr'>Ι</span> <span class='ocrx_word' id='word_1_302' title='bbox 1421 3965 1496 4021; x_wconf 80' lang='lat' dir='ltr'><strong>binas</strong></span> <span class='ocrx_word' id='word_1_303' title='bbox 1509 4009 1516 4023; x_wconf 92' lang='lat'>.</span> <span class='ocrx_word' id='word_1_304' title='bbox 1529 3966 1619 4022; x_wconf 82' lang='lat' dir='ltr'><strong>steila-</strong></span> 
     </span>
     <span class='ocr_line' id='line_1_32' title="bbox 390 4045 1118 4117; baseline 0.003 -17"><span class='ocrx_word' id='word_1_305' title='bbox 390 4063 448 4101; x_wconf 91' lang='lat' dir='ltr'><strong>rum</strong></span> <span class='ocrx_word' id='word_1_306' title='bbox 468 4045 588 4115; x_wconf 79' lang='grc'><strong>1111123</strong></span> <span class='ocrx_word' id='word_1_307' title='bbox 605 4046 712 4101; x_wconf 90' lang='lat' dir='ltr'><strong>uidetur</strong></span> <span class='ocrx_word' id='word_1_308' title='bbox 731 4046 805 4101; x_wconf 89' lang='lat' dir='ltr'><strong>uelut</strong></span> <span class='ocrx_word' id='word_1_309' title='bbox 821 4062 931 4102; x_wconf 90' lang='lat' dir='ltr'><strong>currens</strong></span> <span class='ocrx_word' id='word_1_310' title='bbox 945 4049 951 4117; x_wconf 87' lang='grc'><strong>1</strong></span> <span class='ocrx_word' id='word_1_311' title='bbox 966 4052 999 4103; x_wconf 80' lang='lat'><strong>24</strong></span> <span class='ocrx_word' id='word_1_312' title='bbox 1016 4047 1049 4112; x_wconf 84' lang='lat' dir='ltr'><strong>ad</strong></span> <span class='ocrx_word' id='word_1_313' title='bbox 1068 4063 1118 4102; x_wconf 89' lang='lat' dir='ltr'><strong>om.</strong></span> 
     </span>
    </p>
   </div>
   <div class='ocr_carea' id='block_1_4' title="bbox 389 4237 1711 5082">
    <p class='ocr_par' dir='ltr' id='par_1_7' title="bbox 389 4237 1711 5082">
     <span class='ocr_line' id='line_1_33' title="bbox 461 4237 1618 4313; baseline 0.005 -18"><span class='ocrx_word' id='word_1_314' title='bbox 461 4245 473 4295; x_wconf 91' lang='lat'>1</span> <span class='ocrx_word' id='word_1_315' title='bbox 494 4237 553 4295; x_wconf 87' lang='lat' dir='ltr'><strong>iem.</strong></span> <span class='ocrx_word' id='word_1_316' title='bbox 573 4239 598 4294; x_wconf 88' lang='lat' dir='ltr'>D</span> <span class='ocrx_word' id='word_1_317' title='bbox 613 4241 636 4294; x_wconf 81' lang='grc'><strong>(1</strong></span> <span class='ocrx_word' id='word_1_318' title='bbox 654 4239 726 4309; x_wconf 78' lang='lat' dir='ltr'><strong>uulg.</strong></span> <span class='ocrx_word' id='word_1_319' title='bbox 745 4239 844 4296; x_wconf 87' lang='lat' dir='ltr'><strong>iemore</strong></span> <span class='ocrx_word' id='word_1_320' title='bbox 858 4244 864 4306; x_wconf 88' lang='grc' dir='ltr'>Ι</span> <span class='ocrx_word' id='word_1_321' title='bbox 879 4243 896 4296; x_wconf 81' lang='lat'>2</span> <span class='ocrx_word' id='word_1_322' title='bbox 914 4238 1021 4310; x_wconf 88' lang='lat' dir='ltr'><strong>primori</strong></span> <span class='ocrx_word' id='word_1_323' title='bbox 1039 4237 1127 4295; x_wconf 88' lang='lat' dir='ltr'><strong>addidi</strong></span> <span class='ocrx_word' id='word_1_324' title='bbox 1145 4256 1179 4296; x_wconf 90' lang='lat' dir='ltr'><strong>ex</strong></span> <span class='ocrx_word' id='word_1_325' title='bbox 1196 4240 1220 4294; x_wconf 93' lang='lat' dir='ltr'><strong>D</strong></span> <span class='ocrx_word' id='word_1_326' title='bbox 1236 4242 1272 4309; x_wconf 81' lang='grc'><strong>13</strong></span> <span class='ocrx_word' id='word_1_327' title='bbox 1290 4255 1343 4296; x_wconf 81' lang='lat' dir='ltr'><strong>una</strong></span> <span class='ocrx_word' id='word_1_328' title='bbox 1361 4257 1411 4298; x_wconf 90' lang='lat' dir='ltr'><strong>om.</strong></span> <span class='ocrx_word' id='word_1_329' title='bbox 1429 4241 1455 4296; x_wconf 90' lang='lat' dir='ltr'>D</span> <span class='ocrx_word' id='word_1_330' title='bbox 1469 4243 1493 4298; x_wconf 81' lang='lat' dir='ltr'><strong>G</strong></span> <span class='ocrx_word' id='word_1_331' title='bbox 1508 4245 1513 4313; x_wconf 82' lang='grc' dir='ltr'>Ι</span> <span class='ocrx_word' id='word_1_332' title='bbox 1527 4251 1578 4300; x_wconf 89' lang='lat' dir='ltr'><strong>cet.</strong></span> <span class='ocrx_word' id='word_1_333' title='bbox 1592 4245 1618 4300; x_wconf 91' lang='lat' dir='ltr'>D</span> 
     </span>
     <span class='ocr_line' id='line_1_34' title="bbox 396 4325 1619 4397; baseline 0.004 -17"><span class='ocrx_word' id='word_1_334' title='bbox 396 4327 418 4380; x_wconf 83' lang='grc'><strong>(1</strong></span> <span class='ocrx_word' id='word_1_335' title='bbox 437 4325 510 4396; x_wconf 86' lang='lat' dir='ltr'><strong>unig.</strong></span> <span class='ocrx_word' id='word_1_336' title='bbox 524 4333 591 4382; x_wconf 86' lang='lat' dir='ltr'><strong>caet.</strong></span> <span class='ocrx_word' id='word_1_337' title='bbox 607 4329 643 4394; x_wconf 78' lang='grc'><strong>15</strong></span> <span class='ocrx_word' id='word_1_338' title='bbox 660 4326 764 4382; x_wconf 87' lang='lat' dir='ltr'><strong>cass.D</strong></span> <span class='ocrx_word' id='word_1_339' title='bbox 782 4326 855 4397; x_wconf 91' lang='lat' dir='ltr'><strong>nulg.</strong></span> <span class='ocrx_word' id='word_1_340' title='bbox 873 4326 1049 4396; x_wconf 82' lang='lat' dir='ltr'><strong>Cassiepeiam</strong></span> <span class='ocrx_word' id='word_1_341' title='bbox 1064 4327 1069 4395; x_wconf 77' lang='lat' dir='ltr'><strong>i</strong></span> <span class='ocrx_word' id='word_1_342' title='bbox 1086 4331 1115 4382; x_wconf 89' lang='lat'><strong>11</strong></span> <span class='ocrx_word' id='word_1_343' title='bbox 1135 4341 1216 4397; x_wconf 88' lang='lat' dir='ltr'><strong>supra</strong></span> <span class='ocrx_word' id='word_1_344' title='bbox 1229 4367 1236 4380; x_wconf 90' lang='lat'>.</span> <span class='ocrx_word' id='word_1_345' title='bbox 1250 4327 1384 4382; x_wconf 89' lang='lat' dir='ltr'><strong>sciendum</strong></span> <span class='ocrx_word' id='word_1_346' title='bbox 1403 4335 1444 4384; x_wconf 91' lang='lat' dir='ltr'><strong>est</strong></span> <span class='ocrx_word' id='word_1_347' title='bbox 1460 4329 1526 4385; x_wconf 89' lang='lat' dir='ltr'><strong>haec</strong></span> <span class='ocrx_word' id='word_1_348' title='bbox 1542 4329 1570 4384; x_wconf 90' lang='lat' dir='ltr'><strong>in</strong></span> <span class='ocrx_word' id='word_1_349' title='bbox 1587 4330 1619 4386; x_wconf 92' lang='lat' dir='ltr'><strong>iis</strong></span> 
     </span>
     <span class='ocr_line' id='line_1_35' title="bbox 393 4411 1618 4486; baseline 0.002 -19"><span class='ocrx_word' id='word_1_350' title='bbox 393 4427 462 4484; x_wconf 85' lang='lat' dir='ltr'><strong>quae</strong></span> <span class='ocrx_word' id='word_1_351' title='bbox 475 4427 556 4483; x_wconf 89' lang='lat' dir='ltr'><strong>supra</strong></span> <span class='ocrx_word' id='word_1_352' title='bbox 570 4412 706 4483; x_wconf 88' lang='lat' dir='ltr'><strong>proposita</strong></span> <span class='ocrx_word' id='word_1_353' title='bbox 720 4419 782 4468; x_wconf 87' lang='lat' dir='ltr'><strong>sunt</strong></span> <span class='ocrx_word' id='word_1_354' title='bbox 794 4429 847 4468; x_wconf 93' lang='lat' dir='ltr'><strong>non</strong></span> <span class='ocrx_word' id='word_1_355' title='bbox 861 4411 987 4480; x_wconf 79' lang='lat' dir='ltr'><strong>inueniri3</strong></span> <span class='ocrx_word' id='word_1_356' title='bbox 1004 4411 1051 4467; x_wconf 91' lang='lat' dir='ltr'><strong>sed</strong></span> <span class='ocrx_word' id='word_1_357' title='bbox 1068 4412 1180 4483; x_wconf 89' lang='lat' dir='ltr'><strong>legimns</strong></span> <span class='ocrx_word' id='word_1_358' title='bbox 1193 4412 1285 4468; x_wconf 85' lang='lat' dir='ltr'><strong>eodem</strong></span> <span class='ocrx_word' id='word_1_359' title='bbox 1298 4413 1369 4469; x_wconf 85' lang='lat' dir='ltr'><strong>inira</strong></span> <span class='ocrx_word' id='word_1_360' title='bbox 1381 4431 1420 4485; x_wconf 88' lang='lat' dir='ltr'><strong>cp.</strong></span> <span class='ocrx_word' id='word_1_361' title='bbox 1431 4419 1465 4472; x_wconf 80' lang='lat'><strong>29</strong></span> <span class='ocrx_word' id='word_1_362' title='bbox 1479 4418 1484 4483; x_wconf 82' lang='grc'><strong>1</strong></span> <span class='ocrx_word' id='word_1_363' title='bbox 1501 4420 1532 4473; x_wconf 80' lang='grc'><strong>15</strong></span> <span class='ocrx_word' id='word_1_364' title='bbox 1546 4415 1618 4486; x_wconf 89' lang='lat' dir='ltr'><strong>uuig.</strong></span> 
     </span>
     <span class='ocr_line' id='line_1_36' title="bbox 393 4486 1711 4572; baseline 0.002 -21"><span class='ocrx_word' id='word_1_365' title='bbox 393 4486 477 4553; x_wconf 89' lang='lat' dir='ltr'><strong>‘Haec</strong></span> <span class='ocrx_word' id='word_1_366' title='bbox 494 4504 525 4553; x_wconf 91' lang='lat' dir='ltr'><strong>ut</strong></span> <span class='ocrx_word' id='word_1_367' title='bbox 542 4513 624 4568; x_wconf 88' lang='lat' dir='ltr'><strong>supra</strong></span> <span class='ocrx_word' id='word_1_368' title='bbox 640 4492 759 4554; x_wconf 87' lang='lat' dir='ltr'><strong>diximus’</strong></span> <span class='ocrx_word' id='word_1_369' title='bbox 778 4497 824 4554; x_wconf 85' lang='lat' dir='ltr'><strong>sed</strong></span> <span class='ocrx_word' id='word_1_370' title='bbox 841 4497 936 4553; x_wconf 85' lang='lat' dir='ltr'><strong>ultima</strong></span> <span class='ocrx_word' id='word_1_371' title='bbox 953 4497 1036 4554; x_wconf 83' lang='lat' dir='ltr'><strong>uerba</strong></span> <span class='ocrx_word' id='word_1_372' title='bbox 1056 4497 1175 4553; x_wconf 76' lang='lat' dir='ltr'><strong>eiciendo</strong></span> <span class='ocrx_word' id='word_1_373' title='bbox 1195 4498 1261 4554; x_wconf 87' lang='lat' dir='ltr'><strong>mihi</strong></span> <span class='ocrx_word' id='word_1_374' title='bbox 1286 4499 1422 4572; x_wconf 89' lang='lat' dir='ltr'><strong>uidentur,</strong></span> <span class='ocrx_word' id='word_1_375' title='bbox 1447 4507 1479 4558; x_wconf 90' lang='grc' dir='ltr'><strong>ιιι</strong></span> <span class='ocrx_word' id='word_1_376' title='bbox 1503 4503 1621 4558; x_wconf 84' lang='lat' dir='ltr'><strong>immissa</strong></span> <span class='ocrx_word' id='word_1_377' title='bbox 1707 4546 1711 4553; x_wconf 94' lang='lat'>.</span> 
     </span>
     <span class='ocr_line' id='line_1_37' title="bbox 394 4582 1619 4656; baseline 0.004 -18"><span class='ocrx_word' id='word_1_378' title='bbox 394 4598 427 4638; x_wconf 90' lang='lat' dir='ltr'><strong>cx</strong></span> <span class='ocrx_word' id='word_1_379' title='bbox 443 4584 476 4637; x_wconf 90' lang='lat' dir='ltr'><strong>iis</strong></span> <span class='ocrx_word' id='word_1_380' title='bbox 493 4599 562 4652; x_wconf 76' lang='lat' dir='ltr'><strong>quiae</strong></span> <span class='ocrx_word' id='word_1_381' title='bbox 579 4583 831 4640; x_wconf 87' lang='lat' dir='ltr'><strong>antecedunt.sane</strong></span> <span class='ocrx_word' id='word_1_382' title='bbox 848 4583 972 4639; x_wconf 82' lang='lat' dir='ltr'><strong>librarios</strong></span> <span class='ocrx_word' id='word_1_383' title='bbox 990 4584 1015 4638; x_wconf 86' lang='lat' dir='ltr'><strong>ir.</strong></span> <span class='ocrx_word' id='word_1_384' title='bbox 1034 4582 1051 4636; x_wconf 94' lang='grc'><strong>1.</strong></span> <span class='ocrx_word' id='word_1_385' title='bbox 1069 4597 1193 4652; x_wconf 80' lang='lat' dir='ltr'><strong>peccasse</strong></span> <span class='ocrx_word' id='word_1_386' title='bbox 1211 4592 1323 4655; x_wconf 85' lang='lat' dir='ltr'><strong>apparet</strong></span> <span class='ocrx_word' id='word_1_387' title='bbox 1344 4600 1377 4640; x_wconf 88' lang='lat' dir='ltr'><strong>ex</strong></span> <span class='ocrx_word' id='word_1_388' title='bbox 1393 4587 1419 4640; x_wconf 89' lang='lat' dir='ltr'>D</span> <span class='ocrx_word' id='word_1_389' title='bbox 1437 4586 1465 4640; x_wconf 90' lang='lat' dir='ltr'><strong>in</strong></span> <span class='ocrx_word' id='word_1_390' title='bbox 1482 4603 1534 4656; x_wconf 84' lang='lat' dir='ltr'><strong>quo</strong></span> <span class='ocrx_word' id='word_1_391' title='bbox 1551 4587 1619 4643; x_wconf 83' lang='lat' dir='ltr'><strong>haec</strong></span> 
     </span>
     <span class='ocr_line' id='line_1_38' title="bbox 391 4668 1618 4738; baseline 0.007 -16"><span class='ocrx_word' id='word_1_392' title='bbox 391 4676 587 4738; x_wconf 88' lang='lat' dir='ltr'><strong>proponuntur:</strong></span> <span class='ocrx_word' id='word_1_393' title='bbox 614 4669 688 4724; x_wconf 85' lang='lat' dir='ltr'><strong>Haec</strong></span> <span class='ocrx_word' id='word_1_394' title='bbox 705 4685 786 4738; x_wconf 84' lang='lat' dir='ltr'><strong>supra</strong></span> <span class='ocrx_word' id='word_1_395' title='bbox 803 4669 915 4724; x_wconf 86' lang='lat' dir='ltr'><strong>diximus</strong></span> <span class='ocrx_word' id='word_1_396' title='bbox 932 4668 1014 4723; x_wconf 87' lang='lat' dir='ltr'><strong>habet</strong></span> <span class='ocrx_word' id='word_1_397' title='bbox 1029 4671 1033 4736; x_wconf 91' lang='grc' dir='ltr'>Ι</span> <span class='ocrx_word' id='word_1_398' title='bbox 1049 4673 1089 4723; x_wconf 87' lang='grc'><strong>17·</strong></span> <span class='ocrx_word' id='word_1_399' title='bbox 1100 4683 1181 4738; x_wconf 83' lang='lat' dir='ltr'><strong>supra</strong></span> <span class='ocrx_word' id='word_1_400' title='bbox 1198 4686 1220 4724; x_wconf 83' lang='lat' dir='ltr'><strong>x.</strong></span> <span class='ocrx_word' id='word_1_401' title='bbox 1238 4668 1307 4724; x_wconf 86' lang='lat' dir='ltr'><strong>idem</strong></span> <span class='ocrx_word' id='word_1_402' title='bbox 1324 4670 1407 4725; x_wconf 86' lang='lat' dir='ltr'><strong>habet</strong></span> <span class='ocrx_word' id='word_1_403' title='bbox 1424 4672 1511 4729; x_wconf 84' lang='lat' dir='ltr'><strong>Schol.</strong></span> <span class='ocrx_word' id='word_1_404' title='bbox 1529 4673 1618 4730; x_wconf 79' lang='lat' dir='ltr'><strong>Germ</strong></span> 
     </span>
     <span class='ocr_line' id='line_1_39' title="bbox 389 4743 1618 4824; baseline 0.004 -15"><span class='ocrx_word' id='word_1_405' title='bbox 389 4771 416 4822; x_wconf 90' lang='lat' dir='ltr'><strong>p.</strong></span> <span class='ocrx_word' id='word_1_406' title='bbox 434 4757 484 4809; x_wconf 83' lang='lat'><strong>398</strong></span> <span class='ocrx_word' id='word_1_407' title='bbox 501 4754 578 4824; x_wconf 79' lang='lat' dir='ltr'><strong>Eyss.</strong></span> <span class='ocrx_word' id='word_1_408' title='bbox 597 4754 705 4810; x_wconf 86' lang='lat' dir='ltr'><strong>Grotius</strong></span> <span class='ocrx_word' id='word_1_409' title='bbox 722 4755 782 4810; x_wconf 89' lang='lat' dir='ltr'><strong>uult</strong></span> <span class='ocrx_word' id='word_1_410' title='bbox 796 4744 855 4809; x_wconf 76' lang='lat' dir='ltr'><strong>‘sub</strong></span> <span class='ocrx_word' id='word_1_411' title='bbox 873 4747 948 4809; x_wconf 84' lang='lat' dir='ltr'><strong>zona&#39;</strong></span> <span class='ocrx_word' id='word_1_412' title='bbox 967 4769 1000 4808; x_wconf 84' lang='lat' dir='ltr'><strong>ex</strong></span> <span class='ocrx_word' id='word_1_413' title='bbox 1015 4743 1114 4808; x_wconf 71' lang='lat' dir='ltr'><strong>damst.</strong></span> <span class='ocrx_word' id='word_1_414' title='bbox 1130 4758 1161 4808; x_wconf 86' lang='grc'><strong>17</strong></span> <span class='ocrx_word' id='word_1_415' title='bbox 1177 4755 1231 4822; x_wconf 76' lang='lat'><strong>{¹20</strong></span> <span class='ocrx_word' id='word_1_416' title='bbox 1245 4754 1334 4810; x_wconf 89' lang='lat' dir='ltr'><strong>lenum</strong></span> <span class='ocrx_word' id='word_1_417' title='bbox 1350 4755 1432 4824; x_wconf 77' lang='grc'><strong>1)(11</strong></span> <span class='ocrx_word' id='word_1_418' title='bbox 1448 4761 1481 4814; x_wconf 79' lang='lat'><strong>22</strong></span> <span class='ocrx_word' id='word_1_419' title='bbox 1499 4765 1618 4814; x_wconf 85' lang='lat' dir='ltr'><strong>arctomn</strong></span> 
     </span>
     <span class='ocr_line' id='line_1_40' title="bbox 392 4837 1618 4916; baseline 0.009 -26"><span class='ocrx_word' id='word_1_420' title='bbox 392 4837 416 4890; x_wconf 87' lang='lat' dir='ltr'><strong>D</strong></span> <span class='ocrx_word' id='word_1_421' title='bbox 435 4838 505 4908; x_wconf 85' lang='lat' dir='ltr'><strong>uuig.</strong></span> <span class='ocrx_word' id='word_1_422' title='bbox 520 4838 648 4894; x_wconf 87' lang='lat' dir='ltr'><strong>arcticum</strong></span> <span class='ocrx_word' id='word_1_423' title='bbox 663 4840 667 4908; x_wconf 92' lang='grc' dir='ltr'>Ι</span> <span class='ocrx_word' id='word_1_424' title='bbox 683 4844 762 4909; x_wconf 89' lang='lat' dir='ltr'><strong>caput</strong></span> <span class='ocrx_word' id='word_1_425' title='bbox 776 4882 782 4896; x_wconf 89' lang='lat'><strong>.</strong></span> <span class='ocrx_word' id='word_1_426' title='bbox 795 4839 846 4894; x_wconf 88' lang='lat' dir='ltr'><strong>hoe</strong></span> <span class='ocrx_word' id='word_1_427' title='bbox 864 4855 896 4894; x_wconf 86' lang='lat' dir='ltr'><strong>cx</strong></span> <span class='ocrx_word' id='word_1_428' title='bbox 914 4838 1013 4894; x_wconf 87' lang='lat' dir='ltr'><strong>tabulis</strong></span> <span class='ocrx_word' id='word_1_429' title='bbox 1030 4837 1211 4893; x_wconf 82' lang='lat' dir='ltr'><strong>astronomicis</strong></span> <span class='ocrx_word' id='word_1_430' title='bbox 1228 4854 1282 4893; x_wconf 91' lang='lat' dir='ltr'><strong>non</strong></span> <span class='ocrx_word' id='word_1_431' title='bbox 1300 4841 1464 4910; x_wconf 87' lang='lat' dir='ltr'><strong>probandum</strong></span> <span class='ocrx_word' id='word_1_432' title='bbox 1481 4850 1535 4914; x_wconf 68' lang='lat' dir='ltr'><strong>est,</strong></span> <span class='ocrx_word' id='word_1_433' title='bbox 1552 4851 1618 4916; x_wconf 82' lang='lat' dir='ltr'><strong>puto</strong></span> 
     </span>
     <span class='ocr_line' id='line_1_41' title="bbox 389 4913 1617 4997; baseline 0.007 -21"><span class='ocrx_word' id='word_1_434' title='bbox 389 4923 529 4991; x_wconf 90' lang='lat' dir='ltr'><strong>legendum</strong></span> <span class='ocrx_word' id='word_1_435' title='bbox 550 4913 644 4978; x_wconf 88' lang='lat' dir='ltr'><strong>‘crura&#39;</strong></span> <span class='ocrx_word' id='word_1_436' title='bbox 665 4966 672 4979; x_wconf 86' lang='lat'><strong>.</strong></span> <span class='ocrx_word' id='word_1_437' title='bbox 690 4924 716 4978; x_wconf 89' lang='lat' dir='ltr'><strong>in</strong></span> <span class='ocrx_word' id='word_1_438' title='bbox 736 4925 760 4978; x_wconf 90' lang='lat' dir='ltr'>D</span> <span class='ocrx_word' id='word_1_439' title='bbox 778 4924 885 4979; x_wconf 87' lang='lat' dir='ltr'><strong>additur</strong></span> <span class='ocrx_word' id='word_1_440' title='bbox 910 4925 937 4978; x_wconf 93' lang='lat' dir='ltr'><strong>in</strong></span> <span class='ocrx_word' id='word_1_441' title='bbox 964 4923 1095 4993; x_wconf 88' lang='lat' dir='ltr'><strong>margine:</strong></span> <span class='ocrx_word' id='word_1_442' title='bbox 1123 4937 1202 4977; x_wconf 82' lang='lat' dir='ltr'><strong>crura</strong></span> <span class='ocrx_word' id='word_1_443' title='bbox 1229 4923 1273 4978; x_wconf 90' lang='lat' dir='ltr'><strong>uel</strong></span> <span class='ocrx_word' id='word_1_444' title='bbox 1289 4917 1389 4993; x_wconf 76' lang='lat' dir='ltr'><strong>&#39;tergus</strong></span> <span class='ocrx_word' id='word_1_445' title='bbox 1403 4929 1409 4997; x_wconf 87' lang='grc'><strong>1</strong></span> <span class='ocrx_word' id='word_1_446' title='bbox 1424 4932 1457 4983; x_wconf 81' lang='grc'><strong>24</strong></span> <span class='ocrx_word' id='word_1_447' title='bbox 1474 4928 1535 4985; x_wconf 89' lang='lat' dir='ltr'><strong>incl.</strong></span> <span class='ocrx_word' id='word_1_448' title='bbox 1553 4929 1617 4984; x_wconf 80' lang='lat' dir='ltr'><strong>Du</strong></span> 
     </span>
     <span class='ocr_line' id='line_1_42' title="bbox 390 5005 1496 5082; baseline 0.008 -21"><span class='ocrx_word' id='word_1_449' title='bbox 390 5007 462 5077; x_wconf 89' lang='lat' dir='ltr'><strong>uuig.</strong></span> <span class='ocrx_word' id='word_1_450' title='bbox 481 5008 622 5063; x_wconf 88' lang='lat' dir='ltr'><strong>inclinatur</strong></span> <span class='ocrx_word' id='word_1_451' title='bbox 637 5011 690 5078; x_wconf 65' lang='grc'><strong>126</strong></span> <span class='ocrx_word' id='word_1_452' title='bbox 708 5027 824 5081; x_wconf 84' lang='lat' dir='ltr'><strong>gorgona</strong></span> <span class='ocrx_word' id='word_1_453' title='bbox 841 5010 865 5063; x_wconf 92' lang='lat' dir='ltr'>D</span> <span class='ocrx_word' id='word_1_454' title='bbox 880 5010 904 5066; x_wconf 81' lang='lat' dir='ltr'><strong>G</strong></span> <span class='ocrx_word' id='word_1_455' title='bbox 922 5009 995 5078; x_wconf 83' lang='lat' dir='ltr'><strong>cruig.</strong></span> <span class='ocrx_word' id='word_1_456' title='bbox 1014 5008 1170 5077; x_wconf 84' lang='lat' dir='ltr'><strong>Gorgonem,</strong></span> <span class='ocrx_word' id='word_1_457' title='bbox 1189 5005 1222 5062; x_wconf 83' lang='lat' dir='ltr'><strong>cf.</strong></span> <span class='ocrx_word' id='word_1_458' title='bbox 1241 5023 1322 5078; x_wconf 84' lang='lat' dir='ltr'><strong>supra</strong></span> <span class='ocrx_word' id='word_1_459' title='bbox 1339 5011 1383 5068; x_wconf 91' lang='lat' dir='ltr'><strong>lib.</strong></span> <span class='ocrx_word' id='word_1_460' title='bbox 1403 5013 1436 5082; x_wconf 85' lang='lat'><strong>11,</strong></span> <span class='ocrx_word' id='word_1_461' title='bbox 1456 5018 1496 5071; x_wconf 81' lang='lat'><strong>12.</strong></span> 
     </span>
    </p>
   </div>
   <div class='ocr_carea' id='block_1_5' title="bbox 0 0 2012 5914">
    <p class='ocr_par' dir='ltr' id='par_1_8' title="bbox 0 0 2012 5914">
     <span class='ocr_line' id='line_1_43' title="bbox 0 0 2012 5914; baseline 0 2"><span class='ocrx_word' id='word_1_462' title='bbox 0 0 2012 5914; x_wconf 95' lang='lat' dir='ltr'><strong> </strong></span> 
     </span>
    </p>
   </div>
  </div>
 </body>
</html>
