4016 5914
962 695 1170 758 ..³10--

456 856 580 932 auem,
610 868 692 932 quac
714 848 860 914 Threicia
890 850 961 915 auis
990 853 1139 932 uocatur,
1168 850 1303 916 Dianam
1338 852 1448 917 aeluro
1479 852 1679 918 similatam.

456 949 573 1036 quibus
604 950 644 1015 de
675 949 780 1016 causis
801 949 976 1034 Aegyptios
999 968 1037 1016 ea
1058 968 1177 1034 genera
1198 949 1313 1018 uiolari
1335 970 1397 1018 non
1420 953 1525 1019 sinere
1547 954 1679 1020 demon-

455 1059 574 1137 strant,
605 1052 691 1137 quod
721 1053 854 1120 deorum
883 1053 1038 1136 imagines
1069 1053 1388 1120 dicantur.eode1n
1418 1060 1562 1138 tempore
1592 1058 1680 1124 Pana

457 1156 567 1223 dicum
592 1157 625 1222 in
647 1154 764 1222 flumen
787 1173 822 1222 se
845 1157 999 1222 deiecisse
1021 1161 1053 1222 et
1074 1157 1285 1239 posteriorem
1307 1161 1432 1238 partem
1451 1159 1594 1242 corporis
1612 1159 1680 1224 elli-

416 1256 540 1340 hgiem
560 1255 670 1339 piscis,
704 1256 841 1322 altorem
862 1260 970 1322 eutem
991 1255 1072 1321 hirci
1094 1255 1207 1322 iecisse
1228 1262 1262 1324 et
1287 1258 1333 1322 ita
1354 1277 1374 1322 a
1396 1258 1550 1342 Typhone
1570 1260 1679 1341 prolu-

456 1357 541 1440 gisse
558 1406 565 1420 .
584 1357 673 1424 cuins
691 1356 867 1440 cogitatum
886 1356 997 1422 Iouem
1014 1356 1215 1440 admiratum,
1232 1358 1316 1424 inter
1333 1359 1440 1425 sidera
1457 1361 1593 1443 effigiem
1611 1363 1680 1428 eius

455 1457 571 1525 fixisse

542 1559 649 1626 XXIX
679 1558 913 1638 AQUARIUS.
956 1558 1050 1624 Hunc
1072 1561 1240 1642 conplures
1263 1560 1479 1645 Ganymedem
1502 1581 1572 1629 esse
1594 1565 1680 1630 dixe·

455 1666 541 1747 runt,
563 1681 657 1746 quem
678 1662 824 1746 Iuppiter
846 1665 978 1745 propter
1000 1661 1268 1746 pulchritudinem
1291 1665 1436 1748 corporis
1458 1671 1602 1750 ereptum
1624 1666 1702 1750 pa?

333 1821 336 1826 .
400 1772 441 1839 10
456 1765 615 1843 rentibus,
637 1765 771 1842 deorum
792 1764 972 1831 ministrum
994 1763 1107 1830 fecisse
1129 1765 1328 1832 existimatur
1345 1813 1353 1831 .
1371 1768 1480 1851 itaque
1502 1770 1682 1835 ostenditur

455 1871 493 1933 ut
513 1885 630 1950 aquam
658 1867 766 1950 equali
796 1865 965 1932 infundens
988 1865 1219 1949 .·Hegesianax
1248 1873 1356 1933 eutem
1378 1867 1573 1936 Deucalione
1604 1871 1683 1937 dicit

455 1985 540 2049 esse,
562 1969 650 2050 quod
671 1986 710 2033 eo
732 1974 885 2050 regnante
906 1971 997 2032 tanta
1017 1967 1067 2032 uis
1090 1985 1192 2049 aquae
1215 1985 1249 2032 se
1272 1987 1290 2034 e
1311 1969 1399 2033 caelo
1422 1969 1615 2053 profuderit,
1645 1977 1682 2037 nt

455 2069 665 2152 cataclysmus
686 2067 789 2136 iactus
812 2087 882 2135 esse
904 2068 1074 2134 diceretur.
1118 2069 1263 2134 Eubulus
1293 2076 1400 2136 autern
1423 2069 1597 2155 Cecropem
1624 2073 1680 2139 de-

454 2178 613 2240 monstrat
643 2191 729 2257 esse,
759 2171 982 2257 antiquitatem
1014 2172 1140 2256 generis
1167 2191 1417 2241 commemorans
1444 2178 1477 2242 ct
1499 2177 1681 2261 ostendens,

397 2281 438 2349 15
454 2271 626 2360 antequam
648 2277 758 2343 uinum
780 2277 933 2343 traditum
955 2276 998 2342 sit
1020 2275 1212 2358 hominihus,
1242 2296 1326 2360 aqua
1356 2279 1388 2343 in
1415 2277 1577 2346 sacrificiis
1604 2281 1680 2346 doo-

454 2397 526 2445 rum
561 2399 636 2446 usos
671 2398 754 2460 esse,
789 2385 822 2446 et
856 2386 931 2446 ante
962 2379 1134 2462 Cecropem
1170 2398 1321 2462 regnasse
1351 2399 1447 2464 quarn
1487 2383 1598 2448 ninum
1633 2384 1676 2449 sit

454 2482 629 2548 inuentum.

488 2614 490 2620 ·
539 2581 631 2646 XXX
661 2580 827 2647 PISOES.
871 2581 1049 2664 Diognetus
1070 2582 1268 2664 Erythraeus
1299 2583 1346 2648 ait
1371 2585 1510 2665 quodam
1536 2592 1681 2667 tempore

454 2681 612 2752 Uenerem
639 2703 711 2752 cum
734 2683 889 2770 Cupidine
910 2684 976 2751 lilio
998 2685 1031 2751 in
1054 2683 1177 2768 Syriam
1209 2684 1249 2750 ad
1271 2683 1388 2751 flumen
1411 2686 1597 2770 Euphraten
1623 2709 1681 2764 ue-

395 2793 437 2861 20
453 2788 539 2856 nisse
556 2836 564 2852 .
582 2789 694 2856 eodem
716 2788 787 2854 loco
809 2794 941 2871 repente
958 2788 1126 2872 Typhona,
1148 2788 1188 2854 de
1207 2806 1270 2871 quo
1288 2805 1387 2872 supra
1405 2787 1555 2875 diximus,
1577 2811 1681 2875 appa-

453 2893 570 2978 ruisse;
586 2892 746 2960 Uenerem
764 2898 871 2960 autom
890 2912 960 2958 cum
978 2891 1043 2958 lilio
1061 2890 1223 2958 indumen
1242 2910 1277 2958 sc
1295 2892 1475 2976 proiecisse·
1487 2898 1520 2960 ct
1537 2895 1582 2961 ili
1600 2894 1680 2978 fign-

453 3013 524 3062 rem
544 2995 678 3079 piscium
700 2995 803 3064 torma
825 3002 976 3062 mutasse:
1009 3015 1072 3078 quo
1094 2995 1194 3077 facto,
1225 2994 1367 3080 periculo
1398 3014 1468 3062 esse
1495 2997 1649 3064 liberatos
1672 3048 1679 3064 .

453 3099 563 3182 itaque
580 3105 693 3184 postea
710 3098 817 3182 Syros,
839 3098 893 3182 qui
914 3098 950 3164 in
970 3098 1019 3164 his
1037 3099 1115 3164 locis
1137 3104 1211 3163 sunt
1228 3098 1375 3181 proximi,
1397 3099 1558 3166 destitisse
1576 3102 1680 3184 pisces

454 3199 563 3283 edere,
593 3202 679 3285 quod
709 3205 881 3269 uercantur
912 3219 967 3266 eos
999 3217 1128 3282 capere,
1154 3217 1199 3294 ‘ne
1230 3199 1325 3266 simili
1348 3218 1444 3267 causa
1465 3207 1523 3267 ant
1545 3203 1679 3268 deornm

521 3404 547 3458 D
567 3409 580 3458 1
595 3404 670 3459 treici
682 3405 741 3460 auis
755 3409 761 3470 1
775 3408 792 3463 5
809 3404 858 3459 irci
878 3405 885 3476 Ι
903 3405 1031 3475 tiphonel
1051 3407 1084 3460 lt
1101 3403 1221 3458 omnibus
1238 3404 1244 3472 Ι
1260 3405 1293 3458 18
1310 3403 1473 3473 erythraeus.
1491 3434 1524 3444 -
1543 3404 1567 3459 d
1587 3411 1599 3460 1
1619 3405 1681 3460 trei-

452 3489 494 3544 eie
507 3489 514 3557 Ι
528 3488 628 3545 merulo
642 3491 648 3558 Ι
662 3489 763 3560 hhyrci
777 3491 783 3558 Ι
798 3489 836 3545 ita
852 3488 995 3558 antiphone
1009 3489 1015 3559 Ι
1031 3492 1062 3544 18
1071 3487 1199 3556 Diogetus
1212 3487 1345 3542 erithacus
1359 3489 1365 3556 Ι
1381 3492 1413 3543 19
1429 3487 1551 3543 eulrnten
1571 3487 1679 3546 flumen.

525 3663 539 3714 l
558 3657 623 3712 Thr.
641 3657 699 3712 auis
716 3656 744 3710 id
760 3662 802 3711 est
819 3671 889 3726 grus,
906 3655 939 3713 U.
958 3661 1030 3712 recte
1047 3655 1153 3726 quidem
1170 3655 1213 3723 (cf.
1228 3655 1303 3712 Serui.
1313 3657 1379 3710 Aen.
1393 3661 1433 3723 10,
1447 3660 1507 3722 265)
1523 3656 1569 3712 sed
1587 3657 1681 3710 ultima

455 3743 539 3798 uerbo
556 3758 605 3812 pro
621 3743 709 3811 glossa
725 3740 879 3812 accipienda
895 3747 958 3796 sunt
972 3743 976 3809 Ι
991 3741 1082 3795 aeluro
1095 3741 1111 3795 i.
1126 3753 1150 3797 a·
1167 3739 1214 3795 leli
1232 3783 1238 3796 .
1256 3741 1295 3795 sie
1312 3756 1379 3796 corr.
1398 3742 1437 3796 St.
1455 3756 1488 3795 ex
1506 3741 1604 3796 Antan.
1618 3741 1679 3796 Lib.

451 3841 492 3898 cp.
515 3827 608 3882 estu
628 3826 652 3879 D
672 3820 763 3880 ‘eluro’
786 3830 886 3880 temore
911 3830 1041 3879 mutatum
1067 3831 1108 3880 est
1133 3824 1161 3878 in
1182 3816 1303 3879 ‘merulo'
1323 3827 1329 3894 Ι
1347 3825 1404 3879 sim.
1431 3823 1456 3878 D
1479 3825 1564 3882 simul.
1591 3824 1614 3879 G
1646 3825 1679 3879 cf.

454 3926 537 3981 supra
554 3927 580 3980 p,
598 3912 650 3978 321
667 3915 682 3964 3
701 3909 771 3978 qnod
788 3924 879 3964 eornm
895 3909 920 3962 D
935 3908 959 3963 d
974 3911 979 3978 Ι
994 3914 1010 3965 u
1028 3908 1138 3962 formoso
1160 3909 1299 3976 legendum
1320 3915 1363 3963 est
1389 3910 1426 3964 ita
1443 3909 1598 3980 Typhonem
1619 3926 1679 3980 pro

455 3991 561 4067 fugisse’
581 4002 611 4052 ut
628 4010 710 4067 snpra
727 4011 767 4065 cp.
785 3999 819 4051 23
836 3995 949 4066 legimus
962 3982 1037 4064 ‘quia
1054 3995 1180 4048 lunonem
1197 3987 1301 4062 l'ugerit’
1321 4000 1349 4048 ot
1372 3994 1399 4049 in
1416 3994 1500 4065 Mytlr.
1524 4011 1563 4064 cp.
1583 3999 1633 4052 277
1651 3995 1678 4050 in

455 4098 508 4153 qua
524 4085 673 4153 Aegyptum
690 4081 800 4136 tratrem
817 4081 935 4151 profugit
953 4121 959 4134 .
977 4079 1043 4134 illud
1057 4072 1091 4135 ‘a'
1110 4079 1188 4135 facile
1210 4080 1273 4134 oriri
1291 4081 1379 4151 potuit
1402 4097 1436 4136 ex
1457 4082 1586 4137 uocabulo
1608 4083 1678 4152 quod

455 4167 590 4235 antecedit
604 4169 609 4236 Ι
623 4172 641 4224 6
657 4167 728 4222 inter
743 4172 793 4222 etc.
813 4166 837 4218 D
853 4165 876 4220 G
894 4165 965 4234 uulg.
984 4164 1098 4232 effigiem
1116 4165 1174 4219 eins
1191 4165 1260 4219 inter
1282 4165 1420 4234 sideralis
1439 4166 1501 4236 Gap.
1521 4167 1612 4221 XXIX
1629 4170 1677 4223 Ar.

455 4253 624 4308 Phaeaces
640 4267 707 4321 sqq„
733 4250 831 4305 datast,
846 4255 880 4306 26
903 4252 908 4320 Ι
934 4256 964 4306 11
983 4249 1123 4319 aliquando
1141 4250 1165 4302 D
1187 4250 1276 4318 aquilo
1296 4255 1308 4304 l
1328 4250 1405 4305 Voss.
1423 4250 1512 4320 aliquo
1539 4253 1563 4306 d
1588 4260 1616 4309 et
1641 4253 1679 4307 sic

455 4337 536 4404 uulm
556 4336 674 4391 scribunt
700 4374 707 4390 .
732 4341 797 4405 puto
819 4335 960 4404 legendum
981 4334 1070 4404 aquali
1095 4334 1128 4390 hl
1145 4334 1162 4389 Ι.
1189 4340 1217 4387 et
1242 4333 1313 4387 iufra
1338 4334 1383 4389 lib.
1402 4335 1449 4404 111,
1467 4339 1501 4390 28
1520 4336 1524 4402 Ι
1544 4334 1680 4388 deucalion

455 4420 539 4490 Del
555 4426 588 4478 11
604 4436 626 4476 c.
645 4436 667 4475 c.
685 4420 710 4474 D
728 4419 762 4474 de
779 4435 801 4476 c.
820 4419 844 4475 G
861 4419 932 4488 uulg.
950 4419 983 4474 de
1005 4422 1077 4474 coelo
1096 4420 1101 4487 Ι
1122 4423 1154 4473 13
1172 4417 1282 4474 eubolus
1299 4418 1323 4471 D
1338 4417 1362 4472 G
1380 4421 1386 4485 Ι
1407 4421 1439 4474 18
1457 4419 1519 4488 (lap.
1538 4419 1615 4475 XXX
1631 4421 1678 4474 Ar.

455 4508 555 4562 Placen.
569 4512 598 4562 et
610 4505 695 4562 fichol.
710 4504 798 4561 Germ.
812 4509 876 4576 2403
894 4505 993 4561 (latest,
1007 4509 1055 4574 213
1073 4503 1151 4560 Ouid.
1165 4505 1239 4560 Fest.
1253 4509 1279 4576 2,
1292 4508 1356 4574 4593
1374 4503 1441 4576 Ilyg.
1455 4503 1540 4575 myth.
1554 4521 1594 4574 cp.
1611 4504 1677 4574 1971

456 4592 594 4662 diognetus
611 4591 636 4646 D
654 4589 726 4660 uulg.
744 4590 907 4659 Diogenetes
925 4631 931 4646 .
950 4590 1100 4659 Diognetus
1118 4589 1171 4645 luit
1188 4589 1269 4645 etiam
1286 4590 1340 4644 dux
1357 4589 1578 4661 Enytlrraeornm,
1604 4591 1681 4646 cuius

385 4699 387 4708 ’
455 4677 632 4734 meminerunt
644 4676 769 4731 Parthen.
788 4679 817 4745 d;
834 4675 957 4748 Polyaen.
975 4681 1002 4744 ὅ,
1020 4679 1054 4732 86
1068 4677 1073 4745 l
1087 4675 1133 4731 Er.
1152 4675 1189 4731 ita
1207 4683 1279 4730 recto
1296 4674 1383 4743 sotem
1403 4673 1473 4742 uulg.
1488 4675 1653 4747 Erythraeus
1673 4676 1679 4746 l

458 4767 490 4820 19
507 4763 600 4833 euphr.
619 4761 644 4816 D
661 4763 733 4832 nulg.
747 4762 920 4832 Euphratem,
939 4762 972 4817 cf.
990 4761 1073 4832 Neue,
1092 4762 1180 4820 Forat
1199 4763 1211 4816 1
1228 4780 1254 4832 p.
1268 4764 1318 4818 3111
1333 4763 1339 4830 Ι
1353 4765 1387 4816 20
1405 4759 1462 4816 eod.
1481 4761 1634 4831 DGuulg.
1653 4755 1685 4824 et,

456 4848 548 4903 aoso
562 4849 568 4917 y
583 4848 668 4919 rypn
686 4847 711 4900 n
727 4847 751 4901 o
768 4848 838 4916 surg.
857 4847 944 4917 rypn.
961 4848 1070 4915 gana
1084 4849 1089 4915 ι
1103 4851 1137 4902 aa
1154 4847 1182 4900 a
1199 4846 1241 4901 lis
1258 4845 1321 4899 nu
1338 4844 1410 4914 ang.
1428 4844 1489 4913 urat
1505 4846 1635 4916 aeganae
1653 4828 1697 4904 nl

458 4933 570 5002 Guulg.
590 4934 697 4988 esitare.
1706 4945 1711 4967 ··
