4016 5914
941 699 1172 763 ..100..

441 881 482 930 aa
502 864 536 930 in
558 863 671 929 eodem
692 862 817 929 aestiuo
840 864 958 930 circulo
981 866 1079 949 pedes
1103 865 1176 947 equi
1192 865 1308 949 Pegasi
1329 866 1426 948 positi
1448 866 1611 948 uidentur,
1633 873 1666 934 et

442 971 540 1051 caput
556 984 576 1032 a
599 965 723 1048 reliquo
746 982 881 1050 corpore
899 967 1054 1033 diuiditur
1072 965 1179 1032 Oloris
1197 973 1230 1034 et
1247 968 1317 1034 alae
1334 967 1539 1034 sinisterioris
1556 975 1594 1037 ut
1610 989 1667 1036 uo-

443 1068 540 1136 lantis
561 1085 637 1152 pars
660 1086 723 1134 uon
746 1086 862 1152 magna
885 1119 891 1132 .
915 1068 1100 1153 Ophiuchus
1123 1068 1263 1136 humeris
1289 1069 1372 1134 hunc
1394 1070 1546 1136 circulum
1572 1071 1667 1139 susti·

444 1189 521 1238 nere
551 1169 682 1237 uilletnr
704 1190 743 1236 ex
765 1191 829 1238 una
851 1179 958 1256 parte,
987 1171 1019 1238 iul
1052 1179 1101 1240 est
1123 1174 1361 1258 aequinoctiali,
1390 1194 1429 1240 cx
1450 1176 1553 1242 altera
1575 1183 1671 1260 parte

400 1278 421 1341 5
443 1274 599 1340 Hercules
620 1273 692 1356 pari
714 1274 848 1340 ratione.
884 1274 984 1357 Uirgo
1006 1293 1109 1358 prope
1130 1277 1214 1342 hunc
1236 1277 1429 1359 coniungens
1452 1278 1565 1361 capito,
1586 1277 1670 1344 inter

442 1375 527 1440 hunc
540 1379 574 1440 et
586 1374 851 1456 aequinoctialem
866 1375 1018 1456 circulum
1033 1376 1187 1442 collocata
1202 1383 1261 1456 est,
1273 1383 1310 1441 ut
1322 1376 1446 1459 fulgens
1459 1377 1501 1442 ad
1514 1383 1670 1444 austrum.

444 1475 509 1540 Leo
531 1493 552 1539 a
573 1479 704 1558 pectore
725 1478 767 1538 acl
789 1476 914 1540 lumbos
938 1475 1104 1554 diuiditur,
1129 1481 1166 1540 nt
1188 1480 1286 1557 caput
1308 1477 1376 1541 eius
1398 1482 1431 1541 et
1453 1477 1594 1558 corporis
1617 1496 1667 1542 su-

443 1577 553 1657 perior
573 1594 593 1640 a
615 1575 762 1641 cruribus
783 1593 859 1656 pars
881 1576 966 1640 inter
986 1577 1070 1640 hauc
1096 1581 1129 1641 ct
1155 1577 1308 1641 arcticum
1330 1576 1484 1642 circulum
1510 1577 1668 1660 uideatur,

444 1675 576 1742 inferior
608 1681 717 1742 autem
747 1693 823 1757 pars
853 1675 938 1740 inter
967 1675 1125 1742 aestiuum
1156 1680 1189 1741 et
1223 1675 1497 1756 aequinoctialem.
1549 1675 1669 1743 Cancer

385 1781 427 1847 10
444 1782 551 1843 autem
574 1778 620 1842 sic
642 1776 798 1843 diuiditur
819 1776 952 1860 medius,
974 1781 1011 1842 ut
1032 1777 1117 1842 inter
1138 1776 1247 1842 oculos
1269 1778 1338 1842 eius
1361 1777 1498 1844 cicculus
1515 1779 1667 1846 tralectus

443 1879 601 1945 uideatur.

529 1981 568 2044 ln
589 1979 640 2044 his
662 1979 761 2060 signis
779 1985 813 2044 et
833 1979 903 2060 hoc,
924 1983 961 2044 nt
982 1984 1058 2044 ante
1076 1979 1221 2061 diximus,
1243 1981 1361 2045 circulo
1379 1979 1454 2046 cum¹
1467 1982 1596 2048 uehitur
1613 1985 1671 2066 sol,

444 2081 553 2148 euenit
574 2085 611 2146 nt
632 2079 738 2163 nohis,
768 2079 823 2161 qui
844 2079 905 2144 hac
926 2078 1129 2144 inclinatione
1150 2081 1260 2146 mnndi
1290 2081 1423 2164 utimur,
1453 2081 1518 2146 siat
1540 2081 1604 2146 diei
1631 2083 1670 2148 oe

444 2183 590 2268 partibus
607 2181 685 2250 VIII
706 2185 815 2265 partes
838 2181 875 2264 V,
897 2182 999 2247 noctis
1021 2185 1128 2248 autem
1151 2186 1230 2268 tres;
1252 2201 1355 2266 nequa
1377 2185 1423 2249 ita
1444 2189 1551 2249 humour
1573 2188 1610 2250 ut
1632 2205 1671 2250 ox

385 2285 629 2369 rotomagus,
651 2285 708 2352 scd
730 2302 769 2350 ex
786 2283 943 2367 sphaerae
964 2283 1089 2350 ratione
1111 2333 1118 2348 .
1140 2304 1212 2353 cum
1234 2287 1318 2352 cuim
1341 2287 1510 2371 sphaeram
1532 2287 1578 2352 ita
1595 2306 1670 2354 con·

375 2397 376 2401 ’
443 2390 601 2472 stitucris,
631 2393 668 2455 ut
698 2388 835 2454 circulus
858 2389 899 2472 is,
930 2387 985 2471 qui
1005 2386 1145 2454 arcticus
1171 2395 1319 2472 uocatur,
1350 2409 1476 2473 sempor
1507 2396 1669 2476 appareat,

444 2493 638 2560 antarcticus
660 2496 769 2557 autem
791 2509 964 2574 numquam
987 2495 1163 2575 exoriatur,
1194 2496 1292 2574 atquc
1322 2493 1368 2558 ita
1394 2486 1532 2575 sphaera
1554 2496 1669 2562 cousti-

354 2597 355 2601 ’
444 2601 528 2680 tuta,
557 2595 585 2662 si
607 2595 698 2661 uoles
720 2594 873 2660 circulum
895 2594 1054 2662 aestiuum
1086 2594 1229 2662 diuidere
1251 2593 1284 2660 in
1305 2599 1415 2679 partes
1439 2597 1529 2681 VIII,
1559 2615 1598 2662 ex
1620 2599 1669 2665 luis

443 2699 587 2789 inuenies
608 2702 719 2782 partes
737 2697 766 2764 V
788 2696 820 2762 in
843 2695 980 2781 sphaera
1001 2717 1167 2783 apparcro,
1185 2702 1251 2763 tros
1273 2704 1380 2766 autom
1403 2699 1486 2767 infra
1508 2705 1670 2784 tamquam
1705 2741 1709 2749 -

385 2805 428 2870 20
444 2802 504 2870 suh
527 2807 624 2868 terra
637 2819 716 2868 esse.

531 2906 575 2972 At
605 2904 722 2988 aliquis
754 2904 882 2987 eliserit,
913 2922 970 2970 cur
999 2904 1156 2988 sphaerae
1179 2907 1313 2972 circulos
1336 2907 1515 2972 diuidamus
1541 2907 1574 2972 iu
1596 2926 1670 2990 par-

443 3017 494 3077 tes
511 3009 589 3078 VIII
611 3009 720 3092 potius
742 3027 838 3090 quam
860 3009 922 3074 lIll
945 3013 1001 3074 aut
1023 3014 1102 3092 quot
1123 3009 1253 3076 lIhuerit
1279 3009 1358 3075 alias
1380 3015 1490 3092 partes
1508 3059 1514 3072 .
1532 3009 1585 3074 hic
1606 3028 1669 3074 uon

445 3113 625 3196 sphaeram,
646 3112 704 3177 sed
726 3129 761 3176 se
782 3109 895 3175 lallare
917 3111 978 3174 hac
999 3112 1124 3176 ratione
1144 3112 1325 3177 iuuenietur
1346 3109 1413 3177 lere
1436 3160 1442 3173 .
1465 3111 1493 3175 si
1519 3111 1603 3175 enim
1625 3109 1670 3175 le·

446 3213 526 3280 cerit
548 3232 587 3278 ex
609 3213 733 3278 aestiuo
756 3211 874 3276 circulo
893 3216 1003 3294 partes
1020 3208 1092 3291 XII,
1115 3229 1153 3274 ex
1174 3211 1224 3276 his
1246 3217 1355 3293 partos
1373 3212 1433 3275 VII
1451 3216 1484 3275 et
1506 3211 1670 3274 dimidium

386 3317 427 3382 25
445 3315 547 3395 partis
570 3311 741 3394 apparere,
763 3311 828 3375 IIII
849 3317 957 3374 autem
979 3317 1012 3374 ct
1034 3311 1200 3374 dimidium
1222 3312 1281 3374 suh
1304 3317 1391 3374 terra
1412 3302 1554 3374 inueniet
1576 3328 1670 3374 esso.

444 3413 554 3494 itaque
577 3411 693 3494 euenit,
714 3416 751 3476 ut
774 3428 844 3476 cnm
867 3411 908 3476 ad
930 3409 993 3474 Vll
1015 3415 1124 3491 partes
1146 3410 1257 3475 addita
1279 3409 1410 3475 dimiffia
1433 3411 1483 3490 sit,
1506 3409 1601 3474 simili
1622 3428 1670 3474 ra·

513 3629 539 3682 D
568 3633 600 3684 13
618 3628 647 3682 in
663 3628 715 3682 hac
733 3629 738 3696 Ι
757 3632 790 3683 21
808 3634 856 3681 ant
877 3626 973 3696 ailquis
992 3628 996 3695 Ι
1015 3631 1050 3682 22
1066 3625 1137 3695 quod
1155 3629 1160 3694 Ι
1179 3631 1212 3682 23
1230 3626 1287 3681 lore
1307 3629 1311 3695 Ι
1330 3631 1365 3682 24
1382 3622 1525 3681 dime'dium
1540 3629 1545 3696 Ι
1560 3631 1593 3682 26
1611 3643 1670 3680 cum

445 3713 480 3768 ad
493 3713 560 3770 vm
576 3718 669 3782 partes
685 3711 777 3766 addita
794 3710 909 3766 dimedio
925 3719 987 3766 sunt
1004 3710 1056 3766 XII
1071 3751 1078 3766 .
1092 3710 1171 3766 simili
1187 3711 1290 3766 ratione
1306 3710 1341 3764 ad
1357 3717 1447 3779 pantes
1463 3710 1578 3780 quiaque
1595 3725 1670 3765 accc-

445 3797 492 3852 dat
508 3811 571 3866 pam
588 3795 703 3852 dimedio
725 3802 754 3851 et
775 3795 851 3851 finnt.
870 3825 903 3836 -
921 3794 945 3848 G
962 3799 979 3851 8
996 3809 1013 3849 a
1029 3811 1080 3851 om.
1100 3796 1104 3863 Ι
1125 3799 1159 3850 10
1174 3787 1206 3849 at
1222 3794 1324 3849 medius
1341 3795 1348 3862 Ι
1369 3798 1401 3850 14
1417 3810 1483 3849 uero
1500 3794 1540 3848 lII
1559 3797 1564 3863 Ι
1585 3799 1617 3850 15
1634 3796 1673 3848 ita

432 3896 496 3943 vona
512 3887 519 3946 1
535 3883 567 3936 16
585 3878 682 3935 dicitur
696 3880 703 3950 Ι
719 3884 751 3936 17
768 3880 883 3950 sphaera
900 3895 950 3934 om.
966 3880 1019 3948 120
1037 3877 1095 3932 lere
1112 3894 1163 3933 om.
1177 3879 1184 3948 Ι
1198 3879 1297 3934 24Χ11
1314 3885 1404 3948 partos
1418 3880 1424 3947 Ι
1438 3883 1472 3934 26
1490 3877 1599 3933 diaulia
1611 3885 1673 3934 suat

445 3965 499 4022 XII
518 4007 525 4022 .
543 3965 566 4021 si
582 3964 670 4023 simili.

519 4178 533 4230 1
552 4171 599 4228 aad
616 4177 704 4242 capnt,
724 4177 737 4229 1
756 4171 809 4242 Ul,
833 4172 881 4228 sod
908 4177 936 4227 ct
963 4187 1019 4242 cap.
1039 4178 1053 4229 1
1071 4171 1147 4229 voss.
1164 4175 1200 4242 12
1217 4173 1259 4228 alo
1276 4171 1445 4227 sinisterior-la
1471 4173 1498 4226 ia
1515 4172 1540 4226 l)
1563 4187 1629 4226 corr.
1647 4171 1675 4226 in

445 4251 503 4314 ‘ala
519 4251 632 4314 anatra
651 4257 694 4312 Dc
711 4257 894 4326 comparatiuo
911 4257 1058 4312 sinIsterior
1075 4257 1109 4314 cl.
1121 4258 1205 4328 Nono,
1222 4259 1310 4312 h'orm.
1329 4259 1354 4311 ll
1374 4260 1515 4326 1110413
1532 4257 1603 4310 hanc
1615 4257 1675 4310 circ.

449 4345 475 4400 D
490 4345 514 4401 G
531 4345 604 4412 nnlg.
623 4350 654 4398 at
671 4345 733 4400 cicc.
749 4345 785 4412 14
802 4359 835 4398 ox
853 4351 903 4399 etc.
920 4344 987 4398 haec
1003 4342 1092 4398 addidi
1109 4359 1142 4397 ex
1156 4343 1250 4414 cadica
1267 4342 1348 4396 Modii
1363 4383 1369 4396 .
1383 4343 1411 4396 iu
1428 4344 1452 4395 G
1469 4342 1535 4395 hacc
1552 4341 1677 4409 leguntur

445 4417 492 4484 'cx
509 4443 563 4483 ana
580 4433 658 4498 parte
671 4470 678 4486 .
693 4427 720 4481 iul
738 4434 780 4483 cst
795 4428 831 4482 ah
850 4427 1037 4496 aequinoctiali
1050 4427 1171 4482 herculea
1187 4429 1247 4496 pari
1259 4427 1362 4482 ratione
1377 4429 1382 4494 Ι
1397 4430 1413 4482 5
1426 4441 1509 4494 prope
1522 4431 1572 4480 etc.
1584 4425 1677 4494 scripu

448 4515 512 4567 e12
527 4510 571 4567 Ul.
589 4517 715 4566 monento
728 4511 768 4581 M;
788 4511 860 4580 nnlg.
873 4525 956 4580 prope
974 4511 1127 4578 contingens
1141 4513 1147 4579 Ι
1161 4511 1248 4580 capite
1265 4511 1290 4563 D
1305 4509 1329 4563 G
1346 4509 1417 4578 uulg.
1435 4510 1550 4577 acapite
1565 4511 1571 4576 Ι
1585 4513 1604 4576 0
1619 4524 1677 4576 aeq.

449 4597 475 4651 Ι)
489 4596 514 4650 G
531 4595 605 4664 unlg.
614 4594 682 4664 neq.
704 4595 832 4650 circulum
847 4597 853 4664 Ι
869 4600 902 4651 10
914 4595 1019 4650 interD
1036 4595 1060 4649 G
1073 4595 1146 4664 urulg.
1160 4595 1230 4649 inter
1247 4593 1333 4664 uacat
1350 4599 1378 4649 ll
1394 4593 1517 4648 uideatur
1530 4593 1555 4646 ll
1569 4591 1592 4646 G
1607 4593 1679 4660 uulg.

449 4682 636 4752 existimetur}
652 4687 685 4737 13
702 4681 756 4737 sint
773 4688 821 4738 ctc.
841 4682 889 4740 Ar.
906 4681 1006 4738 Phaon.
1023 4685 1075 4738 roo
1092 4698 1146 4753 sqq.
1163 4685 1169 4752 l
1186 4687 1217 4738 17
1233 4686 1286 4737 aut.
1305 4689 1354 4735 otc.
1373 4680 1397 4734 l)
1412 4680 1434 4734 G
1453 4679 1524 4749 nulq.
1543 4695 1679 4747 ruunquaur

449 4775 540 4824 autem
556 4770 622 4824 Ant.
637 4768 643 4836 Ι
660 4771 692 4822 17
710 4773 793 4822 const.
811 4767 836 4820 D
851 4767 875 4820 G
893 4765 964 4835 uulg.
983 4772 1024 4822 est
1041 4775 1124 4823 const.
1140 4770 1145 4836 Ι
1161 4772 1194 4822 10
1210 4767 1270 4822 ciro.
1289 4773 1352 4822 aest.
1371 4764 1396 4818 I)
1415 4766 1485 4833 uulg.
1502 4766 1576 4820 Aest.
1594 4765 1655 4818 circ.
1672 4759 1699 4850 1·ιχ

449 4856 483 4908 20
496 4851 623 4920 inueniet,
642 4855 656 4907 1
671 4851 749 4906 Voss.
767 4851 839 4920 qnod
856 4850 1022 4920 probandum
1034 4852 1140 4907 uidetur
1155 4855 1160 4924 Ι
1175 4853 1202 4907 in
1219 4851 1278 4907 aliis
1291 4851 1365 4904 libris
1379 4857 1420 4905 est
1432 4851 1497 4920 l'orc,
1516 4850 1581 4918 loro,
1599 4849 1677 4904 lero.

449 4934 563 4991 fortasse
579 4934 719 5003 legendum
737 4942 779 4990 eat
795 4950 860 4990 aare
874 4937 879 5003 Ι
894 4935 988 4990 fecerit
1004 4935 1030 4988 I)
1044 4933 1068 4988 G
1086 4936 1157 5005 nulg.
1176 4936 1215 4990 ita
1231 4933 1337 4989 fecerit
