4016 5914
880 722 1090 792 ·..71..

375 893 537 978 praesidia
566 893 744 977 inpugnare
774 891 963 976 uideantur,
996 897 1054 959 ant
1084 911 1139 960 eos
1169 891 1257 977 ipsos
1287 897 1419 978 captare
1448 939 1456 955 .
1486 892 1602 959 Erato-

375 998 503 1064 sthenes
535 1001 641 1063 autem
673 1015 711 1063 ax
732 996 780 1079 leo
811 995 898 1080 pisce
929 1001 1022 1064 notos
1053 995 1111 1063 hos
1143 996 1237 1080 dicut,
1271 996 1312 1064 de
1346 1015 1409 1082 quo
1440 995 1602 1080 posterius

377 1097 525 1164 dicemus.
1264 1112 1272 1149 ι

460 1199 567 1265 XXXI
598 1197 749 1265 OETUS.
791 1199 841 1266 Do
863 1198 923 1266 hoc
945 1197 1062 1266 dicitnr
1088 1199 1174 1283 quod
1200 1219 1220 1266 ιι
1241 1199 1390 1284 Neptuno
1413 1199 1456 1267 sit
1477 1199 1603 1281 missus,

376 1304 413 1366 ut
433 1300 670 1366 Andromedam
692 1301 899 1385 interficeret,
929 1301 970 1367 de
1000 1321 1064 1386 qua
1095 1307 1170 1368 aute
1197 1302 1347 1386 diximus3
1377 1302 1434 1368 sed
1465 1302 1564 1384 quod
1583 1303 1641 1372 ab

376 1401 493 1467 Perseo
515 1401 558 1466 sit
579 1399 778 1481 interiectus,
806 1406 941 1483 propter
962 1401 1182 1468 inmanitatem
1205 1403 1349 1485 corporis
1376 1406 1410 1468 et
1430 1401 1516 1468 illius
1538 1402 1603 1467 uir·

376 1508 476 1570 trrtem
499 1504 583 1572 intcr
605 1505 713 1570 sidera
737 1505 946 1570 conlocatum.

350 1687 352 1694 Ι
430 1671 431 1674 ,
462 1609 588 1674 XXXII
628 1607 873 1676 liltllthUS.
925 1607 1019 1674 llunc
1049 1606 1103 1674 alii
1135 1607 1257 1692 Nilum,
1291 1607 1470 1693 complures
1506 1606 1602 1675 etiarn

345 1705 350 1734 ³
378 1715 539 1780 Oceanum
562 1731 632 1779 osse
654 1713 803 1779 dixerunt
825 1761 832 1776 .
854 1712 908 1796 quii
930 1717 1036 1780 autern
1059 1712 1168 1779 Nilum
1191 1712 1305 1779 uolunt
1325 1711 1448 1795 uocari,
1469 1717 1603 1798 propter

375 1814 628 1896 magnitudinem
650 1815 718 1880 cius
751 1817 785 1880 et
814 1815 987 1881 utilitatem
1013 1815 1240 1897 aequissimum
1271 1833 1342 1881 csse
1372 1816 1603 1896 demonstrant,
1621 1820 1664 1885 10

377 1920 545 2000 praeterea
567 1915 652 1998 quod
675 1914 758 1980 inira
779 1915 863 1981 hune
886 1916 1042 1998 quaedam
1065 1917 1159 1983 stella
1182 1917 1237 1999 sit,
1268 1916 1384 1983 clarius
1416 1917 1529 1990 ceteris
1551 1916 1600 1982 lu·

379 2037 467 2101 cens,
498 2018 624 2110 nornine
647 2017 794 2102 Canopos
816 2019 978 2102 appellem
1000 2067 1007 2082 .
1030 2018 1178 2102 Canopos
1208 2023 1316 2085 autem
1346 2005 1603 2084 insula'llumine

378 2119 625 2186 aorurturnno.
1563 2105 1564 2112 ‘

321 2275 322 2280 1
430 2245 432 2254 ·
462 2222 609 2289 XXXIII
639 2223 791 2289 LEPUS.
835 2222 896 2288 Hic
923 2223 1040 2290 dicitur
1062 2223 1189 2290 Orionis
1215 2241 1325 2290 canem
1347 2221 1458 2306 iugero
1484 2240 1603 2288 uenan-

316 2315 318 2323 ’
377 2325 420 2390 tis
443 2372 449 2387 .
472 2343 545 2390 narn
569 2345 649 2407 cum,
671 2331 708 2391 ut
729 2326 909 2410 oportebat,
930 2345 1003 2392 eum
1024 2331 1211 2393 uenatorem
1233 2324 1410 2409 finxissent,
1431 2325 1604 2392 uoluerunt
1622 2329 1663 2395 15

378 2425 475 2492 etiam
497 2425 675 2509 significare
697 2427 805 2509 aliqua
827 2427 867 2493 de
890 2446 1000 2511 causo3
1029 2428 1138 2509 itaque
1168 2428 1311 2511 leporem
1341 2427 1383 2492 ad
1413 2427 1512 2508 pedes
1535 2427 1603 2492 eius

377 2525 551 2614 fugientem
573 2526 733 2593 linxerunt
755 2575 762 2590 .
785 2547 880 2610 quem
902 2527 1045 2594 nonnulli
1067 2546 1087 2593 a
1105 2528 1264 2594 Mercurio
1283 2526 1491 2593 constitutum
1514 2527 1601 2593 dixe·

378 2632 468 2710 runt,
499 2628 592 2710 eique
624 2627 734 2694 datum
767 2647 836 2695 esse
858 2634 988 2712 practer
1011 2633 1118 2696 cetera
1139 2648 1257 2712 genera
1279 2627 1536 2712 quadrupedum,
1566 2632 1605 2694 ut

380 2731 459 2798 alios
482 2735 625 2815 pareret,
654 2731 735 2798 alios
756 2732 903 2824 haberet
920 2732 952 2798 in
974 2737 1087 2799 uentre
1109 2780 1117 2796 .
1140 2732 1193 2816 qui
1215 2737 1323 2798 autern
1353 2731 1394 2799 ab
1416 2730 1476 2798 hoc
1507 2731 1604 2798 causa

379 2834 584 2916 dissentiunt,
614 2839 734 2918 negant
755 2840 820 2902 tum
851 2835 990 2902 nobilem
1018 2840 1051 2902 et
1072 2841 1138 2902 tam
1160 2854 1307 2920 magnam
1330 2840 1531 2918 uenatorem,
1563 2833 1604 2900 de
1622 2841 1665 2906 20

379 2955 442 3018 quo
465 2940 499 3002 et
528 2942 603 3003 anta
625 2937 658 3002 in
680 2937 864 3021 Scorpionis
887 2939 976 3022 siguo
1000 2939 1150 3022 diximus,
1182 2944 1332 3021 oportere
1353 2938 1430 3021 fingi
1461 2938 1604 3021 leporem

379 3039 490 3104 uenari
512 3085 519 3101 .
543 3039 770 3105 Callimachum
793 3060 920 3123 quoquc
942 3041 1094 3123 accusari,
1116 3041 1202 3124 quod
1220 3060 1291 3107 eum
1308 3040 1432 3106 Dianae
1450 3040 1606 3106 scriberet

380 3139 504 3222 laudes,
534 3159 604 3206 earn
635 3142 781 3223 leporum
812 3143 966 3224 sanguine
996 3143 1136 3225 gaudere
1167 3146 1200 3208 et
1231 3161 1286 3208 eos
1308 3142 1419 3208 uenari
1443 3142 1605 3208 dixisset·
1642 3153 1643 3156 ’

378 3242 487 3324 itaque
509 3242 629 3308 Oriona
651 3261 722 3308 curn
744 3244 850 3308 Tauro
873 3223 1089 3309 decertantem
1110 3242 1263 3310 iecerunt

464 3345 599 3428 Leporis
621 3349 729 3410 autem
751 3345 832 3411 hanc
859 3345 1026 3411 historiam
1053 3346 1226 3412 memoriae
1251 3345 1494 3429 prodiderunt.
1516 3343 1604 3426 apud
1621 3349 1663 3416 25

377 3445 527 3527 antiquos
558 3446 590 3510 in
621 3446 725 3511 insula
754 3447 837 3512 Lero
868 3447 989 3512 nullum
1020 3447 1162 3529 leporem
1193 3446 1305 3528 fuisse,
1335 3445 1392 3512 sed
1423 3465 1462 3512 ex
1492 3465 1604 3512 eorum

378 3546 509 3613 ciuitate
532 3541 781 3616 adolescentium
805 3551 973 3634 quendam,
996 3549 1102 3616 studio
1125 3550 1251 3633 generis
1273 3549 1452 3629 inductum,
1483 3547 1523 3614 ab
1548 3567 1601 3615 ex-

446 3769 470 3822 I)
491 3773 522 3824 15
540 3769 608 3823 Nam
626 3785 685 3824 curn
702 3785 783 3839 opera
800 3785 860 3824 eum
876 3772 880 3837 Ι
896 3775 930 3826 22
943 3769 1102 3826 Oallimacus
1116 3771 1122 3837 Ι
1137 3773 1170 3826 25
1188 3769 1315 3826 memoria
1328 3771 1333 3837 1
1348 3774 1421 3839 aput.
1436 3767 1507 3823 -O
1525 3773 1542 3825 2
1555 3768 1603 3823 hos

376 3871 426 3909 om.
443 3855 448 3923 1
464 3861 479 3910 7
497 3855 641 3910 collocatus
656 3856 661 3924 l
677 3859 708 3912 11
728 3871 788 3911 aum
804 3855 809 3925 Ι
824 3869 841 3910 a
858 3855 973 3926 celerini
990 3859 1022 3912 19
1040 3869 1120 3910 causa
1136 3871 1186 3910 om.

446 4069 458 4120 1
478 4064 532 4134 inp.
550 4065 575 4119 D
594 4065 656 4133 imp.
670 4064 694 4118 G
708 4064 714 4132 1
728 4069 745 4119 2
758 4079 791 4119 ex
809 4069 859 4120 etc.
877 4064 894 4119 i.
908 4079 930 4120 e.
949 4079 982 4119 ex
999 4063 1070 4133 pisce
1088 4062 1134 4119 illo
1152 4077 1255 4134 magno,
1273 4062 1318 4132 qui
1332 4060 1426 4118 Notius
1440 4061 1604 4132 appellatur,

376 4149 410 4204 cl.
427 4147 498 4203 inlr'a
515 4165 554 4218 cp.
569 4152 601 4204 41
621 4154 648 4203 et
662 4149 760 4204 Oetast.
779 4150 797 4203 l.
811 4164 833 4202 c.
849 4151 854 4217 Ι
869 4150 916 4204 hos
929 4149 954 4204 D
967 4149 1040 4219 uulg.
1053 4149 1173 4205 homines
1188 4151 1193 4218 l
1208 4149 1339 4220 posterius
1356 4148 1381 4202 D
1395 4149 1420 4203 G
1437 4148 1509 4216 uulg.
1524 4147 1601 4217 posti

375 4237 392 4288 3
410 4233 437 4286 in
455 4233 479 4285 l)
497 4232 523 4286 h.
542 4232 559 4287 l.
579 4238 620 4286 est
638 4232 747 4302 (iaetus,
773 4231 833 4288 aliia
855 4232 919 4290 locis
937 4233 1017 4290 Cetus
1031 4237 1036 4302 Ι
1050 4236 1166 4302 missum,
1183 4233 1258 4291 codd.
1276 4233 1351 4290 Voss.
1367 4233 1404 4301 15
1421 4231 1467 4288 sed
1489 4232 1560 4302 quod
1577 4234 1602 4288 D

376 4315 488 4385 Ouulg.
506 4316 553 4372 scd
571 4319 577 4386 1
596 4321 613 4372 O
630 4317 811 4388 interiectum,
839 4321 852 4373 l
872 4317 946 4373 Voss.
965 4321 971 4386 Ι
990 4327 1018 4375 et
1039 4320 1102 4374 DO
1127 4319 1198 4388 uulg.
1217 4325 1246 4373 et
1266 4334 1314 4388 per
1333 4319 1339 4385 1
1358 4322 1375 4373 7
1392 4317 1459 4374 conl.
1481 4316 1506 4371 D
1530 4318 1602 4388 nnlg.

376 4402 528 4458 conlocatus
547 4403 552 4472 Ι
571 4407 588 4458 3
606 4403 684 4458 llunc
709 4409 759 4459 ete.
786 4409 890 4472 spectat
914 4403 949 4460 ad
975 4405 1046 4461 huuc
1070 4405 1158 4461 locum
1183 4405 1321 4474 Boeotius„
1348 4403 1380 4458 cl.
1407 4417 1490 4473 supra
1516 4421 1540 4473 p.
1559 4403 1601 4474 81

377 4493 407 4544 11
427 4495 569 4559 propterea
586 4489 611 4543 Ι)
631 4491 636 4559 l
654 4490 726 4546 huuc
742 4488 768 4543 I)
785 4489 857 4558 uulg.
875 4506 935 4546 eum
950 4493 955 4560 Ι
972 4496 1004 4548 13
1021 4507 1161 4563 perperam
1175 4484 1310 4546 ‘abluitur'
1331 4489 1356 4543 D
1370 4488 1394 4544 G
1412 4497 1440 4543 at
1457 4489 1495 4544 nic
1521 4489 1602 4560 uulgo

375 4573 495 4629 scribunt
518 4575 523 4641 Ι
547 4580 580 4631 14
598 4576 661 4645 Oap.
679 4574 795 4629 XXXIII
816 4575 863 4631 Ar.
886 4575 984 4632 Phaon.
1004 4581 1054 4634 333
1072 4565 1137 4646 sqq„
1164 4575 1263 4631 Oarast
1276 4577 1327 4631 34.
1353 4587 1421 4642 quae
1447 4589 1489 4642 ap.
1513 4573 1601 4631 Schol.

377 4659 465 4714 Germ.
483 4660 615 4730 leguntur,
634 4675 666 4714 ex
683 4661 788 4730 Hygino
805 4659 920 4716 immissa
937 4671 999 4716 sunt
1014 4664 1019 4730 Ι
1036 4666 1067 4719 16
1084 4663 1150 4732 sign.
1168 4661 1193 4714 D
1208 4661 1232 4714 O
1249 4660 1320 4730 uulg.
1338 4658 1541 4728 hocsign.120
1559 4673 1605 4714 ne·

376 4751 441 4816 gant
466 4752 588 4816 oportere
607 4783 613 4798 .
632 4786 639 4799 .
658 4788 665 4803 .
682 4752 806 4816 oportere
822 4745 892 4816 kliugi
908 4746 973 4801 DO
990 4789 996 4802 .
1015 4747 1085 4803 idem
1112 4747 1208 4803 uitium
1233 4745 1261 4800 in
1287 4743 1389 4800 codices
1413 4743 1494 4801 schol.
1514 4744 1604 4823 Germ

376 4831 483 4900 irrepsit
498 4833 503 4898 Ι
518 4837 551 4887 22
565 4846 618 4886 acc.
632 4831 670 4885 M.
685 4830 751 4885 coni.
766 4837 891 4886 accusant
905 4833 909 4899 Ι
925 4847 985 4885 curn
1002 4838 1052 4888 etc.
1070 4832 1087 4886 i.
1102 4847 1125 4888 e.
1138 4831 1166 4885 iu
1179 4831 1275 4902 hymno
1293 4831 1320 4885 in
1333 4830 1447 4884 Dianam
1461 4829 1467 4898 1
1482 4834 1515 4886 23
1529 4828 1604 4883 dixe·

375 4917 425 4984 rit,
452 4915 537 4971 Schol.
557 4916 646 4970 Germ.
666 4916 725 4982 127
742 4931 802 4984 gen.
820 4921 862 4970 eat
888 4915 966 4971 lectio
993 4922 1131 4985 corruptu;
1154 4907 1284 4970 ‘Veneris’
1312 4913 1419 4983 scripsit
1435 4913 1512 4983 Eyss.
1530 4912 1603 4982 apud

377 5000 464 5056 Sehol.
479 5001 566 5055 Germ.
585 5018 610 5070 p.
624 5003 684 5058 416.
702 5013 784 5068 supra
801 5018 827 5072 p.
841 5003 875 5056 30
892 4999 1015 5069 legimus:
1034 4999 1121 5056 studio
1139 4999 1287 5054 uenationis
1305 4997 1448 5054 inductam.
1527 4989 1529 4993 ’
