4016 5914
861 759 1076 828 ...95-

355 932 499 1000 lilernalis
521 932 658 1000 cicculus
680 917 798 997 ‹liuidit
818 929 859 997 ab
882 948 920 997 eo
942 929 1024 1012 loce,
1046 947 1109 1014 quo
1132 946 1235 1012 prope
1257 926 1460 1012 coniungitur
1478 927 1582 996 Ceto.
1619 963 1627 976 ·

355 1038 406 1104 hie
428 1037 601 1121 Scorpione
632 1041 666 1102 et
687 1033 862 1118 Sagittario
893 1039 1004 1100 exorto
1033 1032 1191 1118 oculere,
1222 1031 1340 1098 exoriri
1371 1036 1478 1099 autern
1510 1051 1581 1098 cum
1672 1112 1675 1124 Ι

355 1141 496 1208 Geminis
518 1145 551 1206 et
573 1140 695 1206 Cancro
718 1139 847 1204 uidetur
869 1185 875 1200 .
897 1138 1124 1204 hebetantem
1146 1137 1256 1202 stellas
1281 1136 1314 1203 in
1343 1137 1448 1220 prima
1470 1153 1582 1203 curua·

354 1250 427 1310 tura
448 1243 506 1323 III,
527 1242 560 1308 in
582 1241 722 1309 secunda
743 1241 801 1323 Ill,
826 1241 903 1308 item
926 1239 959 1306 in
988 1240 1086 1306 tertia
1107 1258 1208 1323 nsque
1230 1240 1272 1306 ad
1294 1237 1470 1306 nouissima
1491 1238 1553 1304 VH
1575 1287 1582 1302 .

360 1345 487 1412 omnino
510 1351 560 1411 est
581 1345 747 1410 stellarum
769 1344 858 1408 XIII.
884 1395 885 1400 1
1185 1420 1188 1427 .
1604 1341 1625 1407 5

438 1447 563 1512 XXXII
593 1444 737 1510 LEPUS
768 1450 874 1509 autern
905 1442 989 1508 inira
1020 1443 1183 1508 sinistrum
1218 1443 1333 1524 perlem
1367 1441 1494 1507 Orlonis
1525 1459 1583 1523 per

355 1547 522 1612 hiemalem
546 1544 698 1610 clnculum
716 1543 842 1625 fugiens
867 1548 900 1608 et
922 1543 961 1608 ab
986 1562 1023 1608 eo
1045 1541 1196 1607 inferiore
1218 1547 1311 1623 parte
1334 1542 1477 1625 eorporis
1500 1541 1582 1606 diui-

357 1667 425 1729 sae,
447 1647 564 1712 occidit
589 1644 763 1727 Sagittario
795 1651 921 1726 exorto,
952 1644 1055 1708 oritur
1086 1661 1157 1708 cum
1187 1643 1295 1710 Leone
1317 1689 1325 1707 .
1347 1641 1445 1708 habet
1475 1646 1581 1707 autern

356 1750 465 1816 stellas
484 1749 515 1814 in
533 1749 679 1838 utrisque
697 1747 827 1812 auribus
846 1747 996 1828 singulae,
1012 1745 1045 1809 ln
1064 1763 1199 1827 corpore
1217 1743 1337 1828 passim
1357 1743 1528 1827 dispositas
1542 1743 1584 1827 Il,

354 1852 387 1915 in
409 1850 545 1931 pedibus
568 1846 727 1930 prioribus
749 1847 890 1928 siugulas
912 1892 920 1909 .
942 1846 988 1911 ita
1010 1849 1085 1909 sunt
1106 1844 1233 1910 omnino
1256 1845 1308 1910 Vl.
1602 1850 1644 1912 10

440 1947 579 2014 XXXIII
611 1945 767 2011 ORION.
820 1946 914 2010 Hune
944 1964 964 2009 a
989 1962 1069 2010 aona
1100 1949 1133 2009 et
1154 1943 1278 2025 reIIquo
1310 1962 1444 2027 corpore
1475 1946 1584 2027 aequi-

356 2049 505 2114 noctialis
543 2045 679 2111 circulus
715 2045 845 2125 diuidit,
880 2063 951 2109 cum
981 2045 1087 2110 Tauro
1126 2043 1343 2108 decertantem
1384 2044 1585 2125 collocatum,

356 2149 468 2215 (lextra
490 2166 585 2214 manu
608 2148 731 2212 cleuam
754 2149 915 2212 tenentem
949 2150 982 2211 et
1013 2143 1185 2210 incinctum
1217 2161 1292 2210 ense
1323 2149 1521 2226 spectantem
1542 2145 1583 2210 ad

356 2269 511 2333 oceasum,
535 2253 567 2316 et
589 2247 785 2315 occidentem
809 2251 920 2312 exorta
942 2245 1127 2329 Scorpionis
1150 2247 1329 2328 posteriore
1350 2250 1445 2329 parte
1472 2251 1505 2312 et
1527 2245 1584 2312 Sa·

355 2354 484 2437 gittnrio
510 2354 685 2434 exoriente,
712 2371 783 2416 cunr
807 2351 929 2416 (lairere
952 2357 1059 2416 eutem
1082 2354 1151 2416 toto
1175 2369 1309 2434 corpore
1331 2351 1453 2434 pariter
1476 2355 1644 2421 exsut-15

360 2461 487 2542 gentem
511 2505 517 2519 .
541 2457 592 2522 hic
614 2457 711 2522 habet
733 2455 765 2520 in
789 2455 893 2538 'reputo
915 2454 1024 2519 stellas
1046 2454 1094 2519 Ill
1116 2454 1231 2536 claras,
1257 2455 1290 2520 in
1312 2454 1457 2537 utrisque
1479 2453 1588 2520 hume·

358 2562 402 2626 ris
425 2559 576 2642 singulae,
597 2561 630 2624 in
654 2559 765 2624 dextro
789 2556 896 2622 cubito
920 2556 1087 2622 obscuram
1109 2557 1134 2638 I,
1161 2557 1194 2620 in
1215 2575 1311 2622 manu
1335 2557 1481 2622 similiter
1504 2556 1527 2638 I,
1554 2555 1587 2621 ln

356 2682 437 2728 aona
468 2663 528 2744 Ill,
564 2662 596 2727 in
628 2680 666 2726 eo
698 2680 760 2743 quo
797 2659 921 2741 gladius
957 2658 1026 2724 eius
1057 2657 1253 2747 deformatur
1280 2657 1327 2724 III
1359 2659 1525 2740 obscuras,
1555 2657 1588 2722 in

358 2767 501 2850 utrisque
538 2765 670 2849 genibus
719 2763 860 2848 singulas
899 2763 1013 2846 clarae,
1049 2759 1088 2847 in[
1126 2761 1261 2845 pedibus
1300 2762 1442 2846 singulas
1473 2809 1479 2825 .
1513 2765 1589 2827 sunt

355 2869 488 2936 omnino
512 2867 610 2934 XVII.
1603 2869 1646 2934 20

442 2971 579 3036 XXXIV
610 2968 741 3035 CANIS
765 2970 922 3051 Leporem
945 2967 1118 3051 fugientem
1139 2986 1336 3051 consequens
1353 2968 1587 3051 posterioribus

357 3073 494 3157 pedibus
513 3071 668 3136 diuiditur
689 3070 730 3135 ab
748 3070 877 3137 hiemali
897 3070 1023 3153 circulo,
1041 3071 1155 3153 pedem
1174 3070 1322 3136 dextrum
1340 3069 1468 3136 Orionis
1484 3090 1588 3153 paene

360 3193 418 3239 suo
441 3174 546 3255 eapite
569 3173 761 3254 coniungens
767 3221 776 3253 ,
807 3173 911 3254 capite
933 3173 973 3237 ad
997 3191 1143 3237 occasum
1166 3176 1327 3253 spectans,
1348 3171 1405 3236 secl
1428 3175 1524 3253 caput
1545 3172 1587 3236 od

357 3273 622 3356 aequinoctialem
641 3273 792 3338 circulum
810 3273 925 3355 tendit3
944 3272 1089 3337 occidens
1107 3271 1230 3338 oriente
1244 3271 1428 3355 Sagittario,
1442 3272 1587 3338 exoriens

358 3383 465 3443 autern
497 3394 568 3441 cum
600 3375 720 3441 Cancro
744 3423 750 3437 .
772 3374 823 3440 hic
855 3374 941 3441 canis
972 3373 1069 3440 habet
1099 3373 1131 3439 in
1162 3373 1271 3456 lingua
1301 3374 1426 3441 stellam
1448 3374 1478 3458 1,
1505 3393 1587 3458 quae
1605 3374 1647 3441 25

362 3481 456 3546 stella
478 3478 573 3545 Canis
594 3477 784 3562 appellatur,
815 3479 847 3543 in
879 3478 984 3561 capite
1006 3483 1114 3544 autem
1136 3477 1283 3559 alteram,
1316 3497 1413 3561 quam
1443 3478 1589 3558 nonnulli

358 3582 463 3648 Sirion
482 3580 655 3665 appellant,
673 3581 712 3647 de
731 3599 794 3663 quo
811 3581 901 3663 prins
919 3580 1056 3647 linimus
1070 3629 1077 3644 .
1092 3585 1260 3664 praeterea
1277 3579 1375 3647 habet
1392 3580 1425 3646 in
1443 3581 1588 3664 utrisque

362 3721 455 3730 ----—.-..v
465 3721 468 3728 r
478 3721 496 3728 ...r

427 3799 451 3852 l)
476 3804 492 3854 3
509 3797 601 3854 stollas
622 3814 672 3855 orn.
689 3799 725 3866 111
742 3797 832 3868 Lepus
853 3799 913 3866 cett
930 3802 961 3854 13
979 3797 1080 3853 danem
1095 3798 1101 3865 1
1115 3805 1312 3867 exspectantem
1327 3800 1333 3867 1
1349 3803 1381 3857 15
1399 3798 1534 3854 exoriente
1560 3805 1588 3855 et

359 3901 454 3940 cancro
480 3884 506 3938 ln
534 3889 590 3939 toto
613 3884 619 3950 1
642 3888 677 3938 20
694 3884 784 3938 XVlll
809 3885 813 3950 1
837 3889 870 3939 23
892 3888 1054 3954 exspectans.
1073 3913 1106 3922 -
1125 3881 1149 3936 11
1170 3888 1182 3938 1
1201 3889 1261 3938 ceto
1287 3883 1458 3951 conlungitur
1480 3884 1485 3951 1
1510 3883 1588 3938 2hie

358 3969 496 4039 scorpione
524 3985 574 4024 em.
590 3968 626 4036 11
644 3968 706 4023 item
724 3984 775 4024 orn.
790 3969 796 4038 Ι
811 3969 894 4024 tercia
908 3969 913 4038 1
928 3969 1098 4025 nouissimam
1117 3968 1168 4024 v11
1185 4008 1192 4022 .
1211 3968 1348 4047 stellarum
1375 3969 1418 4024 hie
1430 3977 1481 4025 -est
1498 3971 1561 4025 Xlll
1582 3971 1587 4040 1

360 4059 377 4112 u
394 4061 482 4112 aretem
500 4072 550 4112 nm.
566 4055 571 4124 1
589 4058 620 4112 m
637 4054 751 4110 clrretnru
767 4056 772 4124 1
789 4059 820 4112 m
838 4061 1009 4126 emergentem
1025 4056 1030 4125 1
1048 4061 1078 4114 17
1097 4070 1177 4111 manu
1202 4058 1321 4126 0111122
1345 4056 1379 4112 ab
1406 4055 1513 4112 lilemali
1539 4056 1589 4112 elr-

360 4143 419 4198 eulo
437 4141 563 4198 diuiditur
578 4141 583 4211 1
597 4140 695 4198 ononis
712 4139 834 4196 dextrum
849 4142 854 4212 1
869 4145 903 4198 21
920 4142 1047 4197 arculam
1069 4157 1164 4198 uersos
1182 4185 1189 4199 .
1206 4143 1348 4212 occidens!
1363 4149 1396 4200 211
1414 4142 1494 4199 stella
1511 4158 1562 4200 om.
1583 4142 1587 4209 1

359 4234 450 4283 autem
467 4235 519 4283 oni.

429 4414 545 4472 Slrabct
562 4421 650 4469 autern
668 4415 693 4469 1>
711 4413 784 4484 nulg.
803 4414 883 4470 habet
897 4416 934 4482 14
951 4415 1022 4486 nulg.
1041 4415 1210 4471 nouissImam
1228 4458 1235 4472 .
1253 4415 1324 4485 quod
1341 4415 1416 4487 decli,
1443 4415 1530 4472 noluit
1550 4416 1588 4472 Μ.

360 4516 394 4556 ex
423 4507 436 4556 1
455 4501 498 4557 Ul.
526 4506 554 4555 ct
577 4501 676 4556 (latest
694 4505 727 4558 37
742 4502 748 4570 1
763 4505 779 4558 5
800 4508 842 4555 est
863 4506 896 4557 st.
915 4500 940 4554 D
963 4499 1035 4568 uulg.
1054 4508 1087 4556 st.
1107 4506 1159 4569 est,
1185 4499 1218 4556 ct.
1245 4515 1326 4572 snpra
1352 4517 1392 4572 op.
1411 4505 1454 4571 22,
1471 4505 1513 4570 26,
1531 4505 1564 4557 27
1583 4500 1588 4571 1

360 4591 377 4640 7
394 4586 440 4641 inl.
459 4587 484 4640 D
499 4587 522 4640 G
541 4585 613 4655 uulg.
631 4585 751 4641 interiori
766 4586 771 4654 1
788 4590 820 4642 14
837 4591 930 4640 exortu
948 4585 972 4639 D
987 4585 1011 4640 G
1026 4589 1030 4654 1
1046 4591 1114 4655 post.
1133 4585 1157 4639 D
1175 4585 1247 4654 nulg.
1265 4586 1407 4655 posteriori
1422 4586 1428 4657 1
1445 4591 1476 4642 17
1493 4585 1551 4641 sim.
1565 4585 1589 4639 D

359 4671 433 4740 nulg.
450 4671 566 4726 similem
581 4673 586 4741 1
602 4675 634 4726 IS
651 4686 718 4742 aona
743 4670 770 4724 II
796 4670 820 4724 D
840 4711 846 4724 .
864 4686 1017 4740 perperam,
1044 4671 1078 4727 cl.
1102 4671 1201 4726 Catast.
1219 4675 1252 4726 32
1267 4671 1273 4739 1
1288 4670 1315 4726 in
1342 4687 1373 4726 eo
1391 4678 1442 4727 etc.
1466 4665 1514 4724 ἐπὶ
1537 4675 1592 4725 τοῦ

361 4751 540 4824 ἐγχειριδίου
559 4757 658 4811 catast.
677 4756 694 4811 l.
713 4772 735 4810 e.
751 4758 756 4824 1
773 4758 805 4813 19
818 4763 881 4810 snut
897 4772 965 4812 omn.
983 4757 1008 4810 D
1027 4755 1098 4824 nulg.
1113 4756 1238 4825 omniunt
1253 4763 1284 4812 21
1300 4773 1371 4812 oona.
1389 4757 1414 4810 1)
1428 4756 1452 4811 e
1469 4762 1498 4811 et
1514 4755 1590 4813 codd.

361 4841 407 4909 St;
434 4843 505 4908 unlg.
523 4856 694 4911 persequens,
720 4846 736 4897 2
755 4840 797 4896 Ul.
817 4843 999 4910 prosequens!
1014 4846 1047 4896 22
1065 4856 1134 4911 pene
1151 4841 1176 4894 D
1191 4842 1215 4896 G
1242 4848 1269 4896 et
1294 4841 1333 4896 sic
1350 4843 1429 4910 uulgo
1446 4841 1571 4912 ,scribunt
1590 4842 1594 4910 1

361 4928 396 4978 23
415 4925 481 4978 coni.
510 4925 534 4977 D
549 4925 573 4979 G
599 4925 671 4992 nulg.
690 4925 845 4993 contingens
858 4928 864 4992 1
879 4929 912 4982 26
929 4925 1007 4980 stella
1034 4925 1123 4980 addidi
1150 4941 1184 4979 ex
1204 4925 1230 4980 D
1256 4926 1291 4982 cl.
1316 4941 1397 4995 supra
1422 4925 1467 4983 lib.
1486 4925 1521 4994 11,
1539 4929 1573 4982 85
1592 4927 1596 4992 Ι

359 5012 393 5063 27
411 5008 502 5079 prius,
521 5008 554 5062 cl.
573 5008 643 5063 iufra
661 5024 701 5078 cp.
720 5013 761 5065 36.
