4020 5910
853 715 1069 831 ..31ss

344 938 507 1016 narentur,
528 930 680 1016 iuppiter
702 950 825 997 memor
846 931 972 1014 peccati
994 930 1139 1016 ereptam
1157 931 1290 999 Callisto
1313 950 1385 1000 cum
1407 930 1473 999 lilio
1495 930 1581 998 inter

345 1037 449 1101 sidera
471 1033 654 1110 collocuuit,
686 1051 821 1116 eumque
843 1033 990 1116 Arctum,
1012 1035 1112 1100 lilium
1134 1039 1242 1101 autem
1265 1033 1503 1117 Arctophylaca
1523 1051 1580 1100 uo·

344 1137 488 1216 minauit,
510 1135 550 1200 ‹lc
572 1152 636 1219 quo
659 1136 820 1216 posterius
843 1133 984 1199 dicemus
1006 1182 1013 1196 .
1036 1133 1181 1199 nonnulli
1204 1134 1302 1198 etiam
1325 1133 1487 1213 dixerunt,
1509 1143 1599 1198 cum'

345 1237 478 1302 Callisto
500 1235 541 1300 ub
563 1236 642 1300 Ioue
665 1238 751 1299 esset
773 1251 968 1316 compressa,
999 1233 1154 1298 Iunonem
1185 1233 1384 1315 indignatam
1415 1231 1449 1296 in
1471 1250 1581 1296 ursam

345 1355 415 1402 cam
435 1335 644 1416 conuertisse;
667 1352 762 1415 quam
780 1334 904 1400 Dianae
921 1333 1053 1399 nonanti
1072 1333 1198 1399 obuiam
1216 1332 1344 1413 factam,
1360 1331 1401 1396 ab
1425 1349 1463 1397 ea
1479 1332 1578 1397 inter·
1597 1332 1620 1398 l>

344 1437 474 1517 lectam,
505 1440 538 1502 et
568 1440 681 1517 postea
712 1434 872 1516 cognitam
898 1433 982 1499 inter
1004 1433 1111 1498 sidera
1134 1431 1321 1498 collocatam
1343 1477 1351 1494 .
1373 1429 1431 1496 sod
1454 1431 1510 1496 alii
1532 1431 1580 1496 di-

346 1544 434 1622 cunt,
465 1558 536 1604 cum
560 1537 692 1603 Gallisto
714 1537 861 1620 Iuppiter
883 1539 968 1603 esset
998 1535 1031 1600 in
1062 1535 1145 1600 silua
1171 1537 1395 1617 persequutus
1425 1533 1580 1601 Iunonem

345 1644 539 1726 suspicatum
562 1640 595 1706 id
619 1640 703 1724 qrrod
727 1640 843 1723 euenit,
874 1640 1089 1722 contendisse,
1112 1643 1150 1704 ut
1171 1657 1244 1704 curn
1266 1637 1435 1704 manifesto
1459 1637 1582 1704 diceret

347 1744 605 1829 deprehendisse.
649 1744 764 1809 donem
787 1747 908 1826 autem,
940 1762 1003 1826 quo
1026 1741 1151 1809 facilius
1182 1761 1274 1809 suum
1305 1745 1473 1826 peccatum
1494 1745 1581 1824 tege·

344 1852 450 1931 retur,
472 1847 504 1912 in
527 1865 622 1912 ursae
644 1844 782 1928 speciem
805 1863 992 1912 conuersam
1015 1844 1190 1927 reliquisse.
1234 1844 1394 1910 iunonem
1417 1847 1524 1910 autem
1547 1843 1642 1912 in10

347 1969 384 2016 uo
407 1951 479 2014 loco
497 1968 557 2031 pro
575 1947 701 2030 uirgine
719 1965 827 2013 ursam
846 1945 1019 2036 inuenisse;
1042 1965 1137 2030 quoru
1155 1946 1278 2012 Dianae
1297 1946 1437 2030 uenanti,
1454 1950 1492 2013 ut
1508 1965 1580 2012 eam
1661 1989 1668 2007 .

346 2053 550 2133 interficeret,
572 2052 809 2118 demonstrasse
831 2100 838 2115 .
862 2051 948 2134 quod
970 2050 1089 2117 lactum
1121 2054 1158 2117 ut
1188 2051 1433 2135 perspiceretur,
1464 2051 1580 2119 Jouem

347 2175 442 2240 aegre
464 2155 590 2237 tulisse;
614 2154 751 2237 effigiem
773 2172 869 2221 ursae
891 2155 993 2222 stellis
1015 2154 1185 2238 figuratam
1208 2155 1420 2220 const'tuisse.

433 2259 502 2324 Hoc
524 2258 659 2338 siguum,
681 2262 718 2323 ut
736 2257 917 2340 complures
940 2258 1058 2340 dixere,
1079 2277 1143 2323 non
1166 2257 1312 2323 occidit.
1335 2261 1368 2323 et
1390 2258 1444 2340 qui
1467 2257 1581 2323 uolunt

346 2363 454 2444 aliqua
477 2361 516 2426 de
539 2380 636 2426 causa
659 2379 729 2426 esse
750 2361 943 2444 institutum,
964 2366 1083 2444 negant
1104 2359 1229 2442 Tethyn
1251 2360 1370 2426 Oceani
1392 2379 1525 2426 uxorem
1547 2357 1640 2426 idib

345 2464 498 2544 recipere,
520 2480 592 2527 cum
614 2462 738 2548 reliqua
760 2462 867 2527 sidera
890 2481 927 2529 eo
951 2463 1141 2544 perueniant
1162 2462 1195 2527 iu
1219 2481 1381 2542 occasum,
1407 2461 1494 2544 quod
1516 2463 1579 2527 Te-

325 2563 418 2645 ·thys
440 2563 572 2628 lunonis
594 2561 637 2626 sit
658 2563 776 2644 nutrix,
799 2562 850 2626 cui
873 2561 1014 2629 Callisto
1028 2556 1232 2630 succubuerit
1254 2568 1291 2629 ut
1312 2563 1434 2646 paelex.

434 2662 592 2729 Araetlrus
623 2667 729 2729 arrtem
762 2664 919 2745 Tegeates
949 2665 1155 2730 historiarum
1186 2662 1324 2746 scriptor
1354 2681 1418 2728 non
1441 2662 1582 2745 callisto,

345 2769 400 2833 sod
424 2767 561 2850 Megisto
585 2765 663 2832 (licit
685 2766 894 2850 appellatam,
925 2772 958 2834 et
988 2786 1052 2833 nou
1073 2766 1241 2851 Lycaonis,
1271 2766 1329 2833 sed
1351 2765 1442 2832 Cetei
1472 2763 1580 2846 liliam,

344 2869 501 2952 Lycaonis
524 2873 666 2951 neptum
688 2875 857 2951 practerea
875 2869 972 2936 Getea
991 2870 1096 2952 ipsum
1114 2867 1307 2953 Engonasin
1321 2869 1480 2935 nominari
1501 2915 1509 2931 .
1531 2887 1581 2935 re·
1599 2867 1642 2933 20

345 2972 432 3054 liqua
454 2976 561 3038 autom
584 2971 804 3053 superioribus
828 2972 1051 3054 conueniunt.
1075 2991 1158 3054 quae
1180 2991 1232 3038 res
1254 2971 1287 3038 in
1310 2971 1450 3038 Nonacri
1472 2974 1581 3037 monte
1667 2974 1669 2980 '

345 3073 503 3138 Arcadiae
526 3079 617 3154 gesta
641 3073 889 3139 demonstratur.
1110 3106 1122 3131 .

426 3175 459 3238 11
489 3172 653 3238 ARGTUS
676 3174 825 3239 Mluora
879 3175 970 3239 Hunc
1003 3173 1237 3256 Aglaosthenes
1269 3173 1323 3256 qui
1349 3174 1476 3240 'Naxica
1506 3193 1580 3239 corr·

343 3273 480 3357 scripsit,
503 3274 549 3339 ait
572 3273 768 3356 (lynosuuam
791 3293 874 3357 esso,
906 3295 1001 3341 urnam
1026 3277 1067 3342 de
1090 3275 1177 3340 louis
1208 3274 1385 3350 nutricibus
1413 3275 1580 3342 caldaeis

415 3445 440 3499 D
459 3445 570 3500 chulislo
585 3449 590 3511 1
605 3451 622 3501 2
639 3449 713 3500 arcto
731 3446 833 3500 blacan
849 3448 854 3513 1
869 3450 886 3503 8
899 3417 1040 3502 manilestg
1055 3447 1061 3516 Ι
1078 3452 1110 3502 10
1127 3446 1239 3515 spetiem
1255 3448 1261 3518 Ι
1277 3449 1309 3502 15
1322 3445 1434 3518 thethyn
1449 3447 1455 3516 Ι
1471 3451 1504 3504 16
1522 3449 1579 3503 the-

309 3593 311 3598 ,
343 3531 404 3602 thys
419 3533 424 3601 Ι
441 3536 474 3587 17
492 3531 603 3587 challsto
618 3534 623 3599 Ι
641 3536 673 3588 13
686 3532 798 3588 Ariolus
813 3532 818 3603 Ι
832 3533 969 3602 thegeatcs
984 3535 989 3602 l
1007 3539 1039 3590 19
1052 3533 1181 3588 lichaonis
1196 3534 1248 3602 121
1263 3531 1381 3589 ouachri.
1393 3563 1426 3573 -
1445 3533 1469 3588 G
1487 3539 1504 3589 2
1521 3549 1579 3589 arc·

343 3617 501 3676 tolllacem'l
522 3621 537 3671 7
555 3617 656 3687 siluam„
671 3620 712 3687 138
729 3617 889 3688 suspicatum
917 3635 967 3673 om.
987 3621 992 3688 l
1013 3623 1043 3675 11
1054 3619 1185 3688 uirginem
1207 3620 1212 3687 Ι
1231 3617 1341 3673 nouanti
1367 3634 1418 3674 orn.
1429 3618 1440 3688 l
1456 3623 1488 3674 12
1505 3635 1579 3674 mon·

344 3708 442 3756 strasse
462 3702 467 3768 1
489 3706 521 3757 12
539 3701 713 3770 perficeretur
727 3704 733 3772 Ι
750 3707 782 3759 13
800 3703 941 3758 contulisse
956 3705 961 3773 Ι
978 3706 1011 3759 14
1032 3702 1159 3758 dixerunt
1172 3704 1178 3772 Ι
1192 3707 1220 3758 et
1237 3718 1288 3757 orn.
1304 3704 1309 3771 Ι
1325 3705 1357 3758 15
1374 3701 1428 3757 alia
1441 3703 1448 3771 l
1462 3703 1575 3773 tlretiml

344 3786 450 3840 occeani
465 3785 471 3856 Ι
489 3791 520 3842 17
534 3787 726 3857 subcubuerit!
743 3793 775 3844 13
789 3795 892 3858 tagctes
907 3792 912 3860 l
929 3793 961 3844 19
974 3789 1096 3844 cetheum
1108 3788 1200 3844 liliam.
1218 3817 1251 3829 -
1269 3787 1294 3842 N
1312 3793 1329 3844 2
1342 3788 1470 3842 arcticum
1485 3791 1490 3855 l
1504 3791 1522 3845 4
1534 3805 1578 3844 ca-

295 3895 297 3901 ·
341 3871 412 3940 lysto
426 3875 431 3940 Ι
447 3878 462 3928 7
478 3871 577 3942 iupiter
591 3873 596 3943 Ι
614 3878 646 3930 14
660 3875 851 3946 quamplures!
867 3879 899 3933 19
913 3874 999 3931 thetin
1013 3875 1019 3946 Ι
1034 3879 1067 3931 17
1081 3874 1180 3947 calysto
1194 3874 1200 3945 Ι
1214 3879 1249 3931 22
1260 3872 1386 3930 archadis
1400 3875 1405 3946 Ι
1420 3879 1454 3931 23
1471 3874 1555 3930 Artus
1570 3875 1575 3946 l

343 3958 492 4026 aglostuucs
507 3961 512 4028 Ι
527 3959 684 4016 cinosuram.

413 4116 425 4166 1
445 4111 539 4166 calisto
557 4113 580 4166 G
594 4111 620 4166 N
634 4115 639 4180 Ι
654 4119 670 4168 3
688 4113 721 4168 ds
739 4120 790 4168 etc.
804 4113 838 4168 cl.
852 4131 893 4182 cp.
907 4119 924 4170 4
939 4115 944 4181 l
958 4113 1090 4183 posterius
1107 4114 1133 4167 D
1147 4112 1209 4168 GN
1229 4113 1301 4181 uulg.
1320 4118 1413 4182 postea
1427 4114 1432 4181 Ι
1446 4115 1464 4169 4
1482 4114 1577 4168 calisto

341 4193 366 4246 D
381 4195 405 4248 G
421 4197 425 4262 Ι
440 4199 457 4249 7
475 4195 569 4250 calisto
586 4195 610 4249 D
629 4196 692 4252 GN
706 4198 711 4264 Ι
725 4197 794 4252 silua
811 4197 905 4253 DUN
923 4197 1033 4266 alliquo,
1060 4197 1133 4265 uulg.
1160 4197 1255 4252 siluam
1269 4197 1276 4265 l
1290 4211 1359 4267 pers.
1377 4197 1402 4251 D
1420 4204 1577 4266 persecutus
1604 4259 1607 4264 ,

342 4281 405 4335 GN
419 4279 456 4340 19
474 4278 648 4353 dephcndlne
665 4282 691 4336 D
705 4283 729 4336 G
744 4282 749 4350 Ι
766 4287 798 4338 13
822 4297 885 4352 egre
903 4283 928 4336 D
943 4283 986 4351 (11
1003 4285 1036 4338 14
1052 4282 1087 4338 cl.
1105 4281 1174 4352 Hyg.
1192 4281 1278 4354 Mytlu
1301 4297 1341 4351 cp.
1362 4286 1412 4337 177
1426 4279 1576 4351 {dixeroD

343 4367 415 4435 uulg.
435 4367 560 4422 dixerunt
578 4410 585 4423 .
603 4366 739 4422 sciendum
757 4372 799 4421 ost
816 4368 886 4421 hauc
897 4366 1015 4442 'formam
1032 4366 1145 4436 perlecti
1163 4367 1191 4421 in
1209 4366 1234 4420 G
1251 4381 1381 4435 nusquam
1398 4365 1522 4435 reperiri,
1548 4357 1577 4420 ln

342 4449 366 4502 D
384 4451 435 4505 hoc
452 4467 506 4505 auo
523 4445 627 4506 tantum
645 4450 705 4505 loco
723 4492 730 4507 .
748 4451 855 4520 saepius
874 4457 1010 4521 comparet
1030 4451 1058 4505 in
1081 4450 1138 4506 cod.
1156 4451 1277 4525 Frlberg.
1293 4452 1300 4519 Ι
1314 4442 1342 4504 ct
1358 4450 1404 4518 qni
1421 4449 1486 4506 DN
1503 4449 1575 4518 uulg.

340 4534 386 4602 qui
401 4535 406 4600 Ι
424 4539 455 4589 lt
471 4533 553 4589 thetis
567 4535 591 4587 G
605 4534 650 4602 111
667 4539 699 4590 17
712 4550 783 4590 succ.
796 4534 888 4590 cadem
906 4549 972 4590 uoce
989 4534 1075 4590 utitur
1091 4540 1171 4589 uetus
1187 4540 1267 4602 poeta
1284 4548 1326 4604 ap.
1340 4534 1410 4605 Hyg.
1427 4532 1513 4602 hlpth.
1523 4532 1540 4586 l.
1551 4547 1574 4588 a

340 4617 432 4672 codem
465 4633 545 4672 sensu
581 4624 623 4673 est
657 4634 700 4689 ap.
737 4619 871 4674 Catullum
898 4624 926 4674 et
953 4617 1077 4674 Ouidium
1100 4619 1106 4687 Ι
1129 4618 1208 4688 pelex
1229 4619 1254 4673 D
1274 4619 1298 4673 G
1316 4619 1342 4674 N
1365 4617 1436 4687 uulg.
1461 4617 1573 4688 pellex!

343 4707 375 4758 18
393 4703 464 4771 uulg.
482 4703 623 4772 Aricthus,
650 4703 683 4758 dc
709 4719 761 4773 qua
787 4719 817 4759 re
834 4704 889 4758 dixi
911 4703 939 4758 in
956 4704 1079 4773 Prolegg.
1106 4704 1138 4758 ha
1155 4704 1290 4760 nonnullis
1307 4704 1372 4759 Mas.
1390 4708 1431 4758 est
1447 4704 1549 4758 Aratus
1567 4743 1575 4758 .

334 4779 450 4854 Ἄρατος
467 4794 495 4842 et
506 4779 647 4855 ’Ἁραιθος
665 4787 864 4844 contunduntur
882 4787 962 4844 ctiam
974 4787 1002 4842 in
1019 4787 1097 4844 codd.
1115 4787 1251 4856 Apollonii
1265 4794 1271 4852 Ι
1287 4789 1381 4844 calisto
1397 4788 1423 4842 D
1438 4787 1462 4842 G
1477 4789 1482 4856 Ι
1499 4786 1576 4842 1911-

341 4871 429 4926 caouis
447 4870 508 4924 GN
524 4872 529 4939 l
544 4871 642 4927 (lateus
667 4872 819 4942 appellatur
837 4872 962 4928 Gudlistus
988 4877 1066 4941 pater
1092 4871 1126 4926 ab
1151 4872 1259 4942 Apolld.
1283 4877 1307 4943 3,
1327 4877 1360 4942 G,
1377 4870 1464 4940 2120
1481 4871 1576 4926 cethea

341 4955 365 5009 D
380 4955 404 5010 G
419 4957 473 5023 122
490 4955 631 5011 arclradiae
648 4957 674 5010 D
688 4957 712 5012 G
727 4959 732 5025 Ι
747 4958 812 5028 Cap.
830 4958 855 5010 11
873 4957 920 5014 Ar.
937 4956 1036 5012 Phaon.
1055 4960 1089 5013 26
1106 4971 1176 5027 sqq..
1203 4957 1302 5013 Gatast.
1320 4963 1350 5027 23
1377 4955 1466 5013 Schol.
1485 4955 1573 5012 Germ.

339 5057 365 5097 u.
384 5045 414 5097 21
435 5057 491 5112 sqq.
507 5043 513 5113 Ι
527 5041 624 5098 Arctus
641 5041 666 5096 D
681 5043 705 5098 G
722 5043 794 5114 uulg.
812 5043 908 5099 Arctos
922 5043 928 5114 Ι
943 5043 1078 5114 glostcncs
1095 5042 1227 5114 1111124
1245 5040 1311 5100 Alcis
1329 5041 1402 5102 GN.
