4020 5910
969 720 1181 786 -24-

543 885 600 954 VI.
635 886 674 954 In
704 883 847 954 finitione
878 885 988 952 mnndi
1019 885 1130 952 circuli
1161 864 1236 952 sunt
1266 887 1413 969 paralleli
1441 887 1479 968 V,
1510 887 1543 954 in
1574 889 1691 971 quihus

456 993 529 1054 teta
551 989 635 1054 ratio
658 989 815 1071 sphaerae
834 989 987 1070 consistit,
1008 992 1228 1070 praeteream
1251 989 1307 1072 qui
1323 989 1473 1056 zodiacus
1488 985 1689 1073 'appellatum

461 1089 517 1171 qui
540 1089 627 1173 quod
649 1107 722 1170 non,
744 1094 781 1155 ut
803 1089 900 1156 ceteri
923 1091 1043 1170 circuli,
1064 1094 1152 1155 certa
1175 1089 1372 1156 dimensione
1394 1090 1513 1172 finitur,
1544 1095 1577 1157 et
1598 1092 1687 1156 incli-

458 1191 565 1256 natior
587 1191 658 1256 aliis
680 1191 825 1272 uidetur,
855 1187 952 1272 λοξός
973 1209 994 1255 0
1016 1189 1148 1258 Graecis
1179 1197 1228 1258 est
1259 1191 1362 1258 dictus
1384 1239 1391 1256 .
1415 1192 1554 1275 quinque
1582 1199 1689 1260 autem

419 1295 441 1360 h
460 1311 541 1375 qnos
563 1311 663 1376 snpra
681 1292 827 1373 diximus,
849 1293 894 1358 sic
912 1295 945 1358 in
963 1291 1101 1375 sphaera
1118 1287 1411 1374 metiuntur,'initio
1428 1299 1556 1376 sumpto
1575 1314 1596 1360 a
1612 1296 1688 1378 0010

458 1396 512 1476 qui
534 1395 652 1460 boreus
673 1392 870 1476 appellatur,
892 1394 934 1458 ad
956 1411 1029 1458 eum
1051 1393 1234 1477 quinctius
1257 1399 1290 1460 et
1312 1395 1503 1462 antarcticus
1524 1401 1689 1462 uocatur.

458 1497 490 1560 in
512 1496 647 1578 triginta
669 1499 778 1578 partes
800 1493 1048 1578 unumquodque
1080 1495 1349 1578 hemisphaerium
1372 1496 1534 1578 diuiditur,
1565 1498 1611 1562 ita
1642 1497 1689 1562 uti

459 1597 615 1664 dimensio
638 1595 817 1680 significare
840 1597 989 1664 uideatur
1010 1598 1043 1663 in
1065 1602 1135 1664 teta
1161 1598 1299 1680 spineam
1324 1598 1490 1682 sexaginta
1512 1605 1621 1681 prutes
1643 1598 1688 1664 10-

460 1705 529 1764 ctas
550 1746 559 1762 .
584 1699 700 1766 deinde
721 1698 761 1764 ab
785 1699 898 1764 eodem
920 1699 1077 1782 principio
1099 1701 1198 1764 boreo
1229 1717 1285 1765 sex
1307 1701 1453 1783 partibus
1484 1718 1523 1765 ex
1553 1705 1690 1782 utraque

397 1806 439 1868 10
456 1799 604 1865 finitione
621 1801 767 1882 sumptis,
785 1800 922 1864 circulus
941 1800 1076 1882 ducitur,
1095 1802 1184 1866 cuius
1203 1805 1335 1866 centron
1351 1801 1421 1881 ipse
1440 1805 1490 1866 est
1506 1801 1599 1884 polus
1618 1799 1688 1864 lini·

455 1905 523 1982 tus3
546 1901 602 1984 qui
624 1900 761 1966 circulus
784 1900 920 1966 arcticos
938 1899 1130 1982 appellatur,
1152 1903 1238 1983 qued
1260 1902 1345 1967 intra
1363 1919 1436 1966 cum
1453 1903 1625 1967 Arctorum
1648 1901 1689 1966 si-

456 2003 601 2067 mulacra
631 1992 667 2068 ut
697 2001 820 2067 incluse
842 2002 1094 2084 perspiciuntur,
1127 2021 1208 2084 quae
1239 2004 1331 2085 signa
1357 2022 1377 2067 a
1399 2002 1517 2068 nostris
1540 2021 1687 2068 ursarum

456 2103 562 2186 specie
585 2103 674 2186 ficta,
701 2102 941 2188 Septentriones
963 2103 1176 2186 appellantur.
1206 2105 1246 2170 ah
1269 2103 1330 2169 hoc
1352 2103 1470 2169 circulo
1494 2103 1534 2168 de
1555 2104 1688 2185 reliquls

457 2206 605 2288 partibus
628 2204 767 2290 quinque
789 2207 940 2290 sumptis,
971 2207 1083 2274 endem
1106 2211 1215 2273 000100
1239 2225 1301 2291 quo
1325 2206 1595 2290 supradiximus,
1627 2206 1686 2272 eir-

397 2308 549 2382 1500100
571 2308 707 2390 ducitur,
730 2310 784 2392 qui
802 2307 940 2399 300ιοος
956 2307 1117 2398 τροπικός
1134 2311 1325 2394 appellatur,
1346 2310 1418 2377 ideo
1439 2311 1525 2392 quod
1545 2310 1594 2376 sol
1616 2329 1687 2374 cunr

454 2409 496 2474 acl
519 2428 593 2476 eum
615 2410 767 2477 circulum
785 2413 942 2494 peruenit,
964 2416 1119 2477 aestatem
1140 2409 1238 2484 elficit
1256 2414 1302 2478 eis
1320 2413 1374 2494 qui
1393 2413 1424 2477 10
1443 2411 1601 2494 aquilonis
1619 2409 1689 2476 tini·

455 2511 515 2577 bus
539 2518 623 2596 sunt,
645 2513 781 2584 hiemem
808 2518 915 2579 autern
948 2515 1003 2592 eis,
1033 2533 1114 2596 quos
1132 2515 1233 2580 austri
1256 2513 1385 2580 fletibus
1416 2513 1583 2596 oppositos
1613 2521 1688 2579 ante

456 2614 593 2682 diximus
615 2663 623 2680 .
645 2620 825 2699 praeterea,
850 2616 935 2699 qued
958 2616 1044 2682 ultra
1066 2635 1138 2682 eum
1158 2617 1309 2682 circulum
1333 2615 1380 2681 sol
1403 2633 1466 2682 non
1484 2615 1610 2697 transit,
1631 2616 1687 2680 sert

455 2720 563 2784 statim
586 2720 775 2802 reuertitur,
796 2718 957 2808 τροπικός
979 2726 1029 2786 cst
1050 2721 1241 2804 appellatus.
1272 2721 1312 2785 ah
1343 2720 1404 2784 hoc
1437 2718 1688 2802 0100011010ιίίί-

394 2821 584 2896 secatione
615 2826 768 2904 quattuor
800 2823 840 2888 de
870 2823 1004 2906 reliquis
1035 2825 1181 2905 partibus
1208 2823 1360 2906 sumptis,
1392 2823 1519 2887 ducitur
1550 2821 1687 2888 circulus

454 2923 707 3006 aequinoctialis,
730 2924 785 3006 qui
807 2944 827 2990 a
850 2925 982 2990 Graecis
1006 2924 1196 3015 ἰσημερινός
1218 2925 1408 3007 appellatur,
1430 2925 1503 2988 ideo
1528 2925 1614 3004 quod
1638 2923 1685 2986 sol

455 3043 526 3088 aum
549 3024 590 3089 ad
614 3041 687 3088 eum
710 3025 820 3089 orbem
842 3026 999 3107 peruenit,
1021 3025 1256 3106 aequinoctium
1281 3023 1415 3090 conficit

540 3123 611 3189 Hoc
632 3125 751 3190 circulo
774 3124 874 3208 facto,
905 3125 1037 3191 dimidia
1059 3126 1215 3208 sphaerae
1237 3144 1312 3208 pars
1335 3124 1510 3189 constituta
1531 3122 1684 3204 perspici-

454 3229 538 3290 tur.
561 3245 579 3290 e
602 3225 763 3292 contrarie
795 3227 871 3292 item
903 3227 999 3292 simili
1028 3227 1153 3293 ratione
1183 3246 1204 3293 a
1233 3227 1321 3292 notio
1356 3227 1430 3308 polo
1462 3243 1518 3290 sex
1540 3223 1686 3307 partibus

455 3348 660 3357 m*—

521 3393 547 3445 D
559 3398 581 3464 ,7
599 3393 806 3462 hemispherium
819 3395 825 3461 Ι
840 3398 857 3450 8
873 3395 970 3463 sphera
984 3397 989 3462 1
1006 3400 1039 3450 10
1055 3395 1113 3463 ipse
1134 3395 1211 3464 polus
1228 3395 1328 3450 linitur.
1356 3392 1477 3447 Circulus
1492 3394 1497 3458 Ι
1514 3396 1546 3446 12
1564 3398 1594 3444 01
1611 3407 1661 3443 om.
1679 3405 1682 3456 Ι

456 3480 488 3532 13
506 3477 590 3546 spetie
605 3479 611 3543 Ι
625 3477 819 3546 septentriones
834 3481 839 3548 Ι
854 3482 887 3533 23
905 3477 1028 3535 dimedia.
1046 3509 1079 3518 -
1097 3479 1145 3536 01
1164 3478 1286 3547 000010111
1300 3481 1305 3545 Ι
1321 3483 1445 3546 asperae
1461 3478 1466 3544 Ι
1481 3473 1685 3543 0010012000-

453 3575 500 3614 eus
527 3559 659 3630 apellatus
673 3562 678 3628 Ι
693 3562 710 3615 4
731 3560 824 3627 laxast
839 3562 927 3630 grecis
942 3565 946 3630 Ι
962 3567 977 3617 3
999 3577 1077 3631 spera
1092 3565 1096 3630 Ι
1112 3568 1128 3618 0
1150 3563 1243 3617 boreas
1261 3562 1393 3632 apellatur
1414 3563 1419 3628 Ι
1445 3558 1598 3628 00011010οΙ
1613 3563 1629 3611 7
1645 3557 1684 3610 'iu

454 3637 571 3712 triginta'
590 3659 641 3700 orn.
662 3646 668 3714 Ι
686 3644 890 3714 hemispherium
908 3662 959 3700 om.
979 3648 984 3714 Ι
1003 3650 1020 3701 8
1037 3662 1115 3716 spera
1129 3649 1134 3716 Ι
1149 3651 1166 3702 0
1183 3648 1264 3702 borea
1278 3650 1283 3716 Ι
1300 3652 1329 3701 11
1349 3645 1394 3713 001
1416 3661 1467 3698 orn.
1483 3642 1488 3712 Ι
1502 3641 1662 3696 simulachra
1678 3643 1681 3709 Ι

457 3731 488 3784 13
502 3727 654 3798 apellantur
669 3729 674 3800 Ι
690 3732 723 3786 14
736 3727 761 3784 V
774 3730 916 3800 assumptis
930 3732 935 3800 Ι
950 3734 982 3786 21
997 3731 1171 3800 equinoctalis
1187 3746 1204 3785 a
1220 3732 1306 3801 grecis
1322 3728 1500 3786 lresemerinos
1514 3724 1662 3796 appellatus
1678 3727 1681 3794 Ι

455 3817 488 3868 22
506 3811 656 3880 0111011123
674 3827 768 3883 sperae
783 3814 788 3885 Ι
803 3814 947 3884 perficitur.
966 3845 999 3854 -
1017 3814 1042 3870 N
1061 3821 1073 3872 1
1093 3817 1238 3888 paralleloe
1255 3818 1421 3887 0011000οΙ2
1439 3827 1516 3884 spere
1531 3811 1536 3881 Ι
1552 3815 1568 3866 5
1585 3825 1663 3880 sporn
1678 3813 1682 3880 Ι

455 3903 471 3953 7
489 3897 565 3953 XXX
581 3900 586 3968 Ι
600 3899 787 3970 lrcnrisperium
802 3904 807 3970 Ι
823 3908 851 3957 01
866 3903 870 3970 Ι
885 3903 1012 3972 00000οΙ
1030 3906 1062 3958 10
1074 3902 1131 3974 ipse
1147 3903 1225 3976 polus
1238 3903 1328 3962 iltutus
1340 3901 1454 3958 circulus
1468 3901 1474 3969 Ι
1491 3901 1518 3954 ll
1536 3911 1595 3950 cum
1610 3912 1660 3950 orn.
1677 3897 1681 3964 Ι

365 4040 373 4060 ,
456 3991 488 4043 17
506 3987 627 4059 hyemem
642 3988 648 4057 Ι
665 3991 696 4044 10
715 3987 832 4059 tropicus
846 3988 851 4060 Ι
867 3995 899 4046 23
917 3990 1062 4060 00010121
1081 3990 1172 4046 001110.

524 4144 541 4195 5
558 4140 648 4195 metiri
664 4141 690 4195 h.
709 4140 727 4195 1.
745 4155 823 4196 sensu
840 4143 947 4212 passius
963 4142 1144 4211 accipiendum
1162 4150 1212 4215 001,
1229 4143 1263 4199 cl.
1281 4143 1327 4202 lib.
1345 4151 1363 4202 4
1380 4162 1421 4216 cp.
1440 4155 1473 4206 19
1488 4153 1493 4220 Ι
1507 4156 1524 4208 0
1542 4151 1639 4206 nothus
1656 4159 1684 4206 et

455 4223 600 4278 autartieos
614 4223 638 4277 G
651 4223 678 4278 N
692 4223 698 4294 Ι
713 4227 730 4280 8
743 4225 892 4293 significare
909 4227 1019 4296 211000,
1033 4225 1105 4294 uulg.
1119 4226 1268 4298 significari,
1286 4229 1356 4297 quod
1369 4232 1449 4285 etiam
1462 4233 1488 4286 D
1502 4235 1526 4288 G
1538 4233 1565 4290 N
1576 4235 1684 4303 habent,

454 4305 489 4362 01.
506 4323 587 4378 supra
604 4323 645 4378 cp.
666 4314 678 4364 1
694 4307 700 4378 Ι
714 4313 732 4366 8
748 4325 803 4366 sex.
827 4311 853 4365 D
871 4310 920 4365 LX
934 4309 1006 4381 GN;
1032 4311 1104 4380 uulg.
1125 4301 1184 4382 ‘per
1208 4309 1353 4383 sexaginta‘
1369 4317 1375 4385 Ι
1389 4321 1424 4372 10
1445 4325 1556 4373 centron
1581 4318 1606 4371 D
1621 4318 1644 4372 G
1657 4317 1684 4373 N

454 4392 666 4465 001000οι000,
684 4393 717 4450 ci.
726 4410 807 4465 supra
819 4401 886 4466 002
901 4399 907 4466 Ι
921 4397 978 4466 ipse
990 4396 1068 4467 polus
1081 4395 1172 4452 linitur
1185 4396 1299 4452 circulus
1311 4405 1361 4455 ete.
1380 4404 1397 4455 3
1414 4401 1490 4456 Voss.
1503 4402 1572 4471 quod
1589 4403 1685 4472 prohat

454 4478 493 4534 st
509 4480 514 4547 Ι
531 4483 561 4535 11
580 4481 693 4537 arcticos
714 4481 740 4536 D
754 4481 778 4536 G
796 4482 893 4538 artic-os
910 4481 936 4538 N
958 4483 1030 4551 uulg.
1053 4482 1167 4537 arcticus
1181 4483 1186 4551 Ι
1201 4487 1335 4537 arctorum
1357 4484 1382 4538 D
1404 4486 1504 4540 arcturi
1525 4486 1589 4543 GN
1611 4488 1683 4556 uulg.

452 4563 532 4618 Arcti
547 4565 551 4632 Ι
569 4568 600 4619 13
617 4567 821 4635 septemtriones
839 4567 862 4622 G
876 4567 901 4621 N
917 4569 922 4635 Ι
939 4573 970 4623 io
988 4567 1106 4622 therinos
1123 4567 1238 4636 tropicos
1254 4567 1280 4620 D
1294 4567 1318 4621 G
1332 4567 1358 4625 N
1372 4570 1378 4638 Ι
1394 4575 1425 4625 li
1443 4577 1514 4641 unte,
1533 4571 1566 4628 ci.
1585 4588 1627 4641 cp.
1646 4577 1662 4628 3
1676 4613 1683 4626 .
1728 4605 1737 4621 .

454 4651 488 4702 13
505 4647 632 4702 Pretenea
649 4649 712 4706 GN
728 4652 733 4719 Ι
749 4655 781 4707 10
799 4651 915 4721 tropicos
932 4652 956 4703 D
972 4651 996 4704 G
1010 4655 1016 4719 Ι
1030 4656 1064 4706 20
1081 4658 1208 4719 quattuor
1224 4651 1249 4704 D
1268 4652 1340 4720 uulg.
1362 4647 1474 4720 quatuor
1489 4656 1494 4725 Ι
1509 4661 1540 4712 21
1565 4657 1610 4726 qul
1632 4662 1683 4712 etc.

454 4731 480 4785 D
499 4731 571 4800 uulg.
590 4733 801 4804 aequinoctialis,
818 4750 835 4790 a
853 4735 961 4790 Graecis
983 4731 1021 4790 lu.
1038 4733 1190 4804 appellatus
1204 4736 1210 4803 Ι
1224 4735 1395 4790 hiscmcriuos
1412 4736 1485 4793 DN.
1502 4737 1531 4792 iu
1548 4737 1574 4793 N
1593 4753 1684 4808 supra·

454 4815 584 4884 scripturn
601 4821 643 4871 est
659 4812 831 4884 ‘equidistans
848 4820 892 4874 uel
905 4812 1071 4889 equinoctial’
1086 4827 1114 4874 et
1126 4820 1144 4874 1.
1158 4836 1191 4873 rn.
1206 4818 1313 4874 additur
1328 4808 1529 4888 ‘equinoctialis'
1545 4824 1550 4890 Ι
1565 4827 1599 4878 22
1612 4823 1686 4892 equi·

454 4899 571 4954 noctium
589 4900 661 4958 GN.
683 4901 763 4972 locos,
781 4903 809 4957 in
828 4905 923 4973 quibus
941 4903 1098 4972 diphthongi
1114 4904 1142 4957 in
1156 4902 1288 4958 codicibus
1300 4903 1486 4974 negleguntur,
1503 4906 1531 4959 iu
1544 4922 1617 4976 seqq.
1631 4923 1683 4962 000

454 4997 560 5054 semper
577 4983 725 5041 adscribam
740 4988 745 5056 Ι
760 4990 794 5043 22
811 4987 895 5044 elficit
910 4991 1050 5058 (suprascr.
1064 4988 1123 5055 con)
1138 4985 1172 5040 D.

806 5241 832 5285 «ii
