4016 5914
932 687 1163 752 -110-

433 863 531 941 caput
553 873 654 939 usque
675 854 717 921 od
741 851 939 937 umbilicum',
960 858 997 920 ut
1018 853 1150 920 dubium
1172 854 1335 936 uideatur,
1356 874 1436 922 zona
1461 857 1530 924 eius
1552 863 1661 924 utrum

432 967 534 1042 usque
552 963 693 1024 extremo
703 955 821 1032 Ariete.
835 975 877 1021 an
891 955 997 1022 Tauro
1011 956 1149 1039 primum
1167 957 1330 1024 exoriente
1343 959 1479 1041 prodeat
1493 959 1533 1026 ud
1548 961 1660 1027 iucem.

434 1063 559 1128 Tauro
582 1063 689 1127 autem
707 1063 829 1140 exorto,
847 1074 930 1140 quae
946 1057 1036 1140 prius
1055 1057 1153 1123 dubia
1170 1056 1308 1143 fuerunt,
1330 1061 1436 1126 omnia
1453 1064 1529 1126 sunt
1546 1069 1634 1128 certa
1652 1110 1660 1126 .

433 1182 508 1229 nam
540 1166 574 1227 et
594 1162 661 1227 Ara
692 1178 791 1243 supra
821 1162 998 1225 memorata
1028 1157 1156 1224 omnino
1188 1160 1315 1244 occidit,
1347 1166 1380 1228 et
1405 1162 1541 1230 Perseus
1572 1167 1659 1232 totus

389 1268 411 1334 5
433 1269 483 1330 est
504 1267 646 1343 exortus,
669 1267 703 1327 et
712 1261 866 1352 ,nangae
888 1264 985 1341 caput
1007 1277 1079 1326 oum
1100 1260 1223 1341 reliquo
1256 1279 1390 1345 corpore
1421 1263 1588 1330 dumtaxat
1617 1266 1659 1330 ad

433 1367 596 1433 sinistrum
619 1365 734 1449 pedem
755 1363 894 1446 uidetur,
916 1367 949 1428 et
970 1363 1089 1428 Pistrix
1110 1383 1130 1428 a
1153 1364 1254 1430 cauda
1274 1364 1420 1429 exoriens
1441 1365 1659 1448 perspicitur,

432 1467 494 1534 hoc
523 1467 614 1550 signo
645 1465 784 1550 primum
816 1463 960 1530 occidero
982 1463 1101 1530 Bootes
1122 1464 1267 1547 uidetur,
1297 1464 1358 1530 etsi
1381 1481 1452 1530 cum
1473 1465 1537 1531 1111
1559 1466 1657 1550 signis

433 1567 577 1634 occidit.
594 1585 699 1650 neque
720 1572 828 1632 tamen
850 1569 938 1632 totus
960 1565 1002 1630 ad
1024 1569 1144 1630 terram
1161 1570 1271 1647 potest
1291 1567 1474 1649 peruenire
1495 1586 1568 1632 nam
1590 1587 1659 1633 ma·

433 1687 494 1734 nus
526 1667 594 1732 eius
625 1667 769 1748 sinistra,
800 1667 918 1731 circulo
949 1665 1069 1730 arctico
1096 1665 1257 1747 concluso,
1287 1684 1390 1747 neque
1422 1668 1525 1732 oritur
1555 1686 1659 1750 neque

379 1773 421 1838 10
440 1768 564 1833 occidit
626 1766 796 1833 Geminis
832 1765 1065 1848 exorientibus,
1101 1769 1170 1832 tota
1204 1767 1268 1831 iam
1304 1766 1424 1832 Pistrix
1459 1772 1492 1831 et
1521 1764 1659 1832 fluminis

433 1868 567 1934 Eridani
600 1867 691 1950 prior
725 1883 801 1950 pars
836 1870 985 1950 apparet,
1020 1871 1052 1934 et
1082 1864 1182 1932 Orion
1218 1865 1334 1932 exoriri
1369 1867 1499 1932 uidetur
1535 1915 1543 1930 .
1579 1867 1660 1933 occi·

436 1969 483 2035 dit
505 1974 613 2035 autem
635 1967 822 2052 Ophiuchus
853 1985 873 2033 a
905 1966 1041 2050 pedibus
1063 1985 1202 2050 genuum
1224 1965 1294 2034 fine.
1339 1966 1484 2035 Cancer
1515 1969 1660 2034 exoriens

435 2072 586 2136 obscurat
604 2069 767 2135 dimidiam
790 2073 915 2152 partem
931 2067 1075 2136 Coronae
1092 2068 1300 2152 Pistricisque
1318 2067 1461 2151 caudam,
1482 2074 1516 2136 et
1537 2069 1660 2136 notium

434 2173 568 2256 piscem,
599 2176 633 2238 et
663 2175 760 2254 caput
795 2189 865 2237 cnm
897 2169 1019 2252 reliquo
1052 2190 1186 2255 corporo
1217 2172 1258 2240 ad
1289 2172 1473 2240 umbilicum
1505 2173 1573 2240 eius
1604 2171 1659 2256 qui

377 2279 418 2347 15
435 2274 621 2356 Engonasin
642 2279 790 2356 uocatur3
811 2272 1011 2356 Ophiuchum
1034 2295 1053 2339 s
1070 2275 1206 2360 genibus
1227 2277 1269 2342 ud
1286 2277 1444 2352 humeros,
1467 2281 1499 2342 et
1516 2275 1661 2358 Anguem

435 2379 539 2443 toturn
557 2380 692 2468 ,praeter
711 2379 808 2458 caput
830 2379 863 2440 et
885 2375 1055 2450 ceruicem,
1086 2395 1168 2458 quae
1200 2395 1238 2442 ex
1261 2377 1385 2443 aestiuo
1413 2377 1530 2442 circulo
1557 2377 1662 2443 tendit

435 2478 478 2544 ad
500 2476 667 2544 Coronam.
711 2477 836 2543 Booten
858 2495 959 2561 prope
986 2481 1089 2543 totum
1115 2482 1203 2544 terra
1228 2483 1317 2544 tenet
1346 2481 1467 2544 tectum
1489 2525 1496 2542 .
1518 2479 1663 2545 exoritur

435 2585 541 2650 orniam
564 2585 598 2650 et
619 2579 747 2648 Orionis
776 2599 892 2664 corpus
919 2580 960 2646 ad
986 2599 1098 2649 zonam
1129 2586 1163 2649 ct
1185 2581 1344 2648 Eridanus
1375 2587 1462 2649 totus
1496 2586 1661 2666 apparot.·

435 2691 549 2752 exortu
571 2685 711 2752 Leonis
732 2685 857 2770 reliqua
880 2703 956 2768 pars
978 2684 1094 2752 occidit
1112 2683 1265 2770 Coronae,
1287 2703 1359 2752 cum
1382 2686 1488 2769 capite
1505 2690 1538 2751 et
1556 2683 1659 2752 cerui.

374 2793 419 2859 30
437 2786 526 2853 cibus
546 2788 686 2870 Anguis,
716 2794 749 2855 et
771 2787 945 2872 Ophiucho.
990 2788 1174 2870 Engonasin
1196 2791 1303 2853 autem
1330 2788 1385 2870 qui
1414 2791 1562 2868 uocatur,
1592 2787 1661 2853 eius

435 2892 565 2971 praeter
587 2889 752 2955 sinistrum
774 2907 859 2970 genu
890 2893 923 2953 et
943 2888 1058 2970 pedem
1080 2888 1158 2952 nihil
1188 2892 1337 2970 apparet,
1367 2894 1400 2953 et
1421 2888 1540 2952 Bootes
1570 2890 1660 2951 totus

436 2990 628 3055 obscuratur
650 3036 657 3052 .
680 2989 822 3055 exoritur
853 2993 961 3054 autem
992 2992 1090 3070 caput
1109 2987 1240 3069 Hydrae
1262 3005 1333 3051 oum
1355 2986 1481 3069 Lepore
1512 2990 1596 3066 toto,
1628 2991 1661 3050 et

435 3089 581 3172 Procyon
614 3105 685 3154 cum
715 3087 851 3170 pedibus
882 3087 1043 3170 prioribus
1074 3084 1170 3151 Oanis
1200 3086 1342 3165 maioris,
1373 3092 1406 3151 ct
1436 3084 1552 3167 Aquilo
1582 3089 1660 3151 tota.

435 3190 555 3272 Uirgo
587 3193 695 3256 autem
727 3188 873 3255 exoriens
899 3208 963 3254 non
993 3207 1096 3272 pauca
1125 3188 1231 3254 sidera
1253 3188 1404 3254 obscurat
1425 3235 1432 3252 .
1454 3206 1528 3252 nam
1550 3188 1660 3254 statim

379 3293 422 3362 26
438 3292 524 3373 Lyra
546 3291 662 3356 occidit
683 3309 755 3355 oum
776 3288 903 3372 Sagitta
925 3295 958 3355 et
978 3289 1152 3371 Delphino,
1184 3296 1217 3354 et
1238 3288 1345 3372 Oloris
1375 3309 1396 3354 a
1417 3291 1522 3372 capite
1545 3307 1660 3371 corpus

437 3392 479 3457 ad
502 3392 636 3457 caudam
658 3409 761 3473 prope
783 3390 913 3472 occidit,
943 3393 976 3455 ct
996 3390 1151 3470 Fluminis
1182 3390 1271 3472 prior
1297 3407 1373 3473 pars
1404 3395 1437 3454 et
1458 3389 1543 3472 Equi
1565 3394 1660 3471 caput

437 3499 509 3558 cum
540 3490 750 3557 ceruicibus.
773 3491 916 3556 exoritur
946 3495 1054 3555 autem
1080 3489 1192 3571 Hydra
1222 3487 1285 3555 fine
1316 3488 1470 3570 Crateris,
1500 3493 1533 3555 et
1564 3489 1658 3555 Oanis

435 3598 533 3673 totus,
555 3597 588 3658 et
603 3591 696 3658 nanis
711 3595 797 3674 Argo
818 3589 881 3656 fine
901 3591 1000 3656 totius
1022 3590 1095 3654 ueli.
1131 3588 1259 3656 Chelis
1286 3591 1511 3672 exorientibus,
1531 3591 1660 3660 uidetur

436 3700 469 3761 et
490 3694 610 3761 Bootes
633 3693 779 3760 exoriens
801 3697 902 3770 totus,
933 3697 967 3758 et
988 3697 1057 3758 tota
1078 3691 1170 3758 nauis
1197 3697 1333 3775 apparet
1353 3693 1454 3774 Argo,
1484 3692 1659 3774 Hydreque

377 3801 421 3868 30
437 3801 567 3881 praeter
589 3813 722 3862 acumen
744 3799 920 3861 extremum
941 3794 1074 3877 caudae,
1105 3793 1190 3876 quod
1222 3799 1271 3860 est
1296 3794 1494 3861 subterra.
1516 3794 1660 3860 exoritur

437 3900 533 3966 etiarn
556 3919 638 3984 genu
662 3905 694 3966 et
716 3916 791 3966 sura
814 3899 883 3965 eius
906 3897 1017 3964 dextra
1040 3896 1094 3983 qui
1112 3897 1294 3982 Engonasin
1316 3904 1451 3966 trocntur
1472 3947 1480 3963 .
1501 3897 1587 3965 liunc
1607 3919 1661 3966 co·

502 4137 527 4192 D
546 4142 562 4193 7
580 4137 683 4206 signum
698 4139 703 4205 Ι
720 4140 752 4193 13
769 4137 907 4192 obscuram
924 4134 1065 4190 dimedinm
1080 4137 1084 4204 Ι
1101 4139 1134 4192 13
1146 4136 1274 4192 Preterea
1291 4143 1319 4192 et
1333 4139 1338 4206 Ι
1353 4141 1387 4194 73
1404 4152 1421 4192 a
1438 4153 1489 4192 om.
1504 4139 1510 4206 Ι
1524 4141 1558 4194 33
1575 4152 1657 4208 prope

434 4221 607 4280 occidentem.
626 4253 659 4264 -
678 4221 701 4277 O
719 4225 736 4278 o
753 4228 828 4278 ortus
845 4221 906 4292 cett
923 4222 954 4278 13
967 4227 1073 4292 praetor
1090 4221 1201 4279 caudam
1218 4229 1246 4278 ct
1261 4224 1266 4290 Ι
1281 4237 1314 4278 cx
1328 4238 1378 4278 onr.
1394 4223 1399 4296 Ι
1415 4229 1447 4280 17
1459 4214 1552 4294 ‘propo
1566 4217 1657 4280 totum'

433 4326 483 4366 om.
500 4311 553 4380 113
571 4325 630 4365 cum
648 4307 732 4365 cauda
748 4313 777 4365 et
794 4306 939 4364 ceruicibus
956 4321 1005 4364 ara
1020 4315 1049 4364 st
1072 4307 1194 4380 ephinlco
1209 4310 1214 4378 Ι
1229 4313 1262 4366 23
1279 4315 1307 4365 ot
1328 4325 1398 4380 aqua
1411 4312 1417 4378 Ι
1432 4315 1463 4368 31
1482 4326 1545 4366 sura
1562 4327 1612 4366 om.
1626 4341 1658 4351 —

434 4396 462 4452 N
481 4400 513 4453 17
529 4396 628 4451 booten
645 4411 720 4466 pene.

503 4587 517 4638 1
541 4581 650 4637 dubium
665 4581 691 4635 D
709 4581 734 4636 O
752 4581 823 4650 unlg.
840 4580 901 4639 dub.
924 4581 981 4638 iero
996 4584 1032 4652 13
1054 4580 1168 4650 inerint,
1186 4584 1202 4636 2
1220 4581 1296 4637 Voss.
1312 4579 1455 4652 tt‘supra
1476 4575 1593 4640 memor?
1612 4581 1658 4636 ad-

433 4665 488 4728 didi
506 4679 539 4720 ex
555 4666 581 4720 D
596 4667 633 4733 13
650 4680 692 4720 ex.
709 4665 734 4719 Ι)
752 4665 824 4735 uulg.
842 4672 916 4721 ortus
931 4669 936 4736 Ι
951 4667 1033 4723 dumt.
1051 4665 1076 4719 Ι)
1091 4664 1115 4720 G
1132 4666 1204 4734 uulg.
1221 4665 1296 4720 dunt.
1313 4669 1318 4734 Ι
1333 4667 1387 4723 71)
1406 4667 1476 4721 nelle
1494 4667 1609 4721 uidetur:
1630 4673 1659 4720 et

433 4751 472 4805 sic
491 4753 497 4818 Ι
516 4765 577 4804 cum
593 4754 643 4804 etc.
661 4748 694 4804 oi.
711 4764 793 4819 supra
816 4749 862 4805 lib.
880 4751 928 4819 111,
950 4755 967 4807 3
990 4753 997 4820 Ι
1021 4756 1053 4808 17
1070 4751 1168 4806 booten
1184 4752 1209 4806 D
1224 4751 1287 4807 GN
1305 4753 1375 4820 uum.
1393 4753 1505 4807 Bootem
1523 4755 1528 4820 Ι
1547 4757 1581 4808 28
1598 4767 1659 4821 pro-

434 4833 511 4887 chion
528 4833 553 4887 O
566 4831 592 4888 N
607 4835 612 4901 Ι
627 4831 733 4888 maioris
750 4831 840 4887 addidi
857 4849 891 4888 ox
908 4833 933 4888 D
947 4833 972 4888 (i
986 4833 991 4903 Ι
1005 4838 1040 4890 23
1057 4833 1128 4889 dum.
1151 4834 1184 4890 cf.
1202 4849 1284 4903 supra
1300 4835 1345 4890 lib.
1363 4836 1411 4905 111,
1429 4840 1463 4890 3ο
1477 4836 1482 4905 Ι
1497 4840 1531 4892 3ο
1548 4850 1658 4901 acumen

434 4915 459 4970 O
476 4930 602 4972 cacumen
619 4915 684 4972 DN
702 4923 731 4971 et
747 4917 785 4972 sic
801 4917 882 4987 uulgo
899 4916 1025 4972 scribunt.
