4020 5910
941 829 1192 897 ...15‘....

420 1010 533 1083 [enotor
549 1005 658 1066 librum
675 1019 759 1064 enum
777 1001 868 1081 misit,
884 1007 1039 1081 mnnntnr,
1056 1008 1087 1063 et
1104 1001 1155 1064 iol.
1165 1005 1222 1083 3,e
1239 1019 1302 1078 sqq.
1319 1001 1438 1063 additur
1455 1000 1636 1078 prooemium
1655 1044 1664 1062 .

428 1123 504 1183 qnae
525 1107 563 1169 ael
585 1106 732 1184 Hyginum
753 1105 919 1184 pertinent,
949 1105 1087 1180 leguntur
1109 1103 1160 1166 iol
1183 1102 1351 1184 nlo-sol
1371 1104 1463 1186 leb,
1490 1104 1596 1167 deinde
1618 1121 1664 1165 se·

428 1213 556 1283 qnnntur
578 1206 781 1268 adnotationes
804 1203 841 1266 de
862 1206 989 1279 planetis
1012 1209 1043 1267 et
1064 1205 1101 1265 de
1118 1204 1264 1284 ourrlbm,
1284 1206 1316 1266 in
1338 1206 1444 1281 qulbus
1466 1211 1578 1282 septem
1596 1208 1663 1281 ple·

428 1314 514 1370 netee
536 1309 691 1386 uehuntur,
717 1323 792 1381 qnae
814 1323 862 1366 res
893 1306 1002 1367 nullius
1028 1306 1118 1381 pretii
1149 1311 1217 1366 sunt
1238 1349 1246 1366 .
1267 1312 1330 1367 tum
1352 1305 1403 1368 iol
1426 1310 1504 1384 54,a
1525 1323 1663 1366 numerus

427 1411 580 1471 stellarum
610 1410 642 1468 in
672 1407 756 1483 signo
786 1406 931 1468 Ursamm
961 1409 1150 1466 enumeratur
1179 1405 1226 1484 (ele
1256 1424 1315 1481 qna
1345 1423 1379 1466 re
1408 1408 1541 1483 disputet
1570 1405 1663 1481 Hygi·

427 1529 482 1573 nus
512 1511 573 1592 lll,
605 1512 636 1586 1)
667 1514 698 1574 ot
728 1507 779 1570 iol.
810 1507 889 1571 ono
910 1540 951 1554 -
970 1494 1021 1570 iol.
1043 1507 1121 1589 etl
1152 1507 1301 1572 eluuntur
1331 1509 1473 1586 imagines
1504 1508 1663 1571 termarum

427 1615 609 1676 caelestium.

514 1717 639 1777 Preeter
661 1713 808 1789 Hyginum
829 1714 860 1773 in
883 1714 939 1773 hoe
969 1713 1046 1775 libro
1078 1719 1343 1776 commemoranter
1364 1713 1487 1777 Ouidius
1519 1719 1550 1777 et
1563 1705 1664 1778 ¹«lusti-

421 1838 482 1900 nus
504 1863 512 1880 .
534 1819 571 1880 ‹lo
593 1818 670 1878 libro
692 1814 802 1892 Hygini
828 1815 893 1891 ipso
915 1814 1096 1878 Froseherns
1123 1817 1155 1877 in
1176 1817 1327 1893 prooemio
1350 1816 1400 1879 iol.
1418 1817 1468 1880 4b
1491 1835 1534 1892 sq.
1556 1819 1663 1881 haecce

426 1924 536 1984 litteris
558 1921 709 1981 mandauit
726 1912 799 1993 ‘ung
819 1919 887 1992 loun
909 1923 993 1979 entre
1014 1921 1059 1979 les
1081 1921 1191 1980 enltros
1213 1922 1369 1980 renolnant
1389 1921 1433 1981 les
1449 1921 1541 1981 liures
1559 1923 1596 1982 de
1617 1939 1666 1981 nna

427 2026 521 2099 petito
543 2024 674 2099 libreire,
695 2038 742 2080 me
759 2022 823 2080 vint
843 2035 861 2079 a
883 2021 913 2079 le
934 2022 1013 2079 moin
1036 2019 1105 2094 (Me.
1125 2021 1245 2094 lamain)
1268 2039 1328 2096 ung
1348 2023 1424 2095 petit
1441 2023 1532 2082 liuret
1549 2021 1665 2082 iutitnle

428 2123 471 2183 Le
493 2124 571 2183 liure
593 2121 630 2182 de
651 2122 791 2196 poetique
813 2119 1002 2198 astronomie,
1023 2135 1180 2193 compenso
1202 2120 1239 2180 de
1262 2124 1324 2182 tres
1345 2122 1500 2197 eloquente
1520 2127 1554 2199 ¹et
1570 2124 1666 2182 molli·

429 2223 487 2285 flue
509 2223 640 2284 Latinito
663 2238 718 2297 per
748 2227 810 2283 tres
831 2220 918 2281 doete
940 2225 971 2280 ot
992 2222 1139 2281 excellant
1161 2225 1282 2282 orateur
1302 2221 1393 2297 lgine.
1424 2223 1471 2282 Au
1499 2225 1567 2299 quel
1589 2226 1665 2285 liure

430 2343 597 2389 commoneo
619 2325 761 2399 regerder
783 2328 813 2384 et
835 2340 871 2383 en
893 2323 991 2397 lysent
1007 2326 1112 2383 troune
1134 2324 1238 2384 choses
1262 2325 1436 2386 excedentes
1454 2343 1512 2386 non
1529 2326 1665 2388 imbecile

429 2431 649 2508 entendement3
670 2427 854 2488 neentmoins
876 2425 952 2486 einsi
974 2442 1030 2499 que
1052 2427 1177 2500 lesperit
1198 2426 1316 2485 hnmain
1338 2425 1435 2485 desire
1458 2428 1606 2487 tousiours
1628 2427 1664 2487 de

427 2534 495 2608 plne
518 2530 715 2606 congnoistre,
745 2544 832 2602 pesse
863 2528 960 2586 onltre
991 2531 1022 2586 et
1042 2525 1106 2586 vina
1137 2525 1233 2586 alire
1264 2541 1302 2584 aa
1324 2527 1432 2586 second
1454 2527 1529 2588 liure
1552 2528 1592 2589 dn
1613 2545 1665 2588 vo·

430 2635 507 2694 lume
529 2631 588 2692 Les
610 2628 726 2690 fietions
749 2629 902 2704 poetiques
924 2627 976 2688 des
999 2628 1097 2701 signes
1120 2630 1150 2687 et
1172 2627 1302 2705 sydereo,
1323 2628 1450 2702 lesquols
1473 2645 1509 2688 en
1532 2629 1663 2690 diuersos

429 2736 538 2797 formos
561 2739 592 2796 et
612 2731 721 2808 figeres
743 2737 796 2793 ont
816 2734 860 2793 los
882 2735 985 2808 poetes
1006 2746 1062 2805 per
1083 2731 1164 2790 leurs
1186 2727 1354 2791 fabulenses
1376 2731 1490 2793 misens
1521 2733 1565 2793 dit
1586 2737 1664 2794 estre

428 2840 524 2900 lassus
546 2854 584 2898 ea
606 2837 663 2897 eiel
685 2836 724 2896 du
746 2834 868 2896 nombre
891 2834 942 2894 des
965 2832 1096 2895 esteillee
1113 2834 1274 2913 luysantes,
1295 2835 1452 2910 lesquelles
1469 2853 1527 2896 non
1546 2835 1666 2898 obstant

429 2942 510 3003 lours
532 2942 609 3003 (lietu
632 2940 731 3001 iurent
753 2956 835 3001 eroes
858 2938 897 2999 du
916 2939 1072 3000 souuerain
1093 2938 1273 3014 plasmatour
1295 2955 1334 2999 au
1355 2945 1602 3002 eommeneement
1624 2942 1663 3003 du

428 3046 544 3106 monde.
574 3044 616 3104 Et
636 3063 669 3105 se
691 3061 737 3105 mo
759 3042 871 3103 semble
892 3043 981 3130 chose
1004 3042 1090 3115 (ligne
1117 3041 1153 3101 do
1176 3041 1316 3101 memolre
1337 3059 1413 3117 pour
1435 3045 1464 3103 le
1485 3046 1590 3118 plaisir
1613 3045 1663 3105 des

428 3149 546 3224 lisonrs,
567 3147 593 3206 si
614 3146 758 3205 translate
781 3144 871 3204 estoit
892 3143 928 3204 de
950 3143 981 3202 la
1001 3142 1146 3217 protende
1168 3144 1283 3203 latinite
1301 3144 1338 3204 (le
1355 3146 1489 3206 laneteur
1506 3150 1536 3206 et
1554 3148 1665 3219 eseript

430 3265 468 3308 en
489 3248 621 3320 vulgaire
644 3245 723 3306 stille
746 3249 777 3304 et
798 3242 944 3318 ireneoys.
978 3243 1137 3319 Pourqnoy
1158 3261 1213 3319 par
1235 3262 1291 3305 nno
1314 3249 1382 3321 trop
1404 3251 1492 3321 guent
1512 3247 1664 3308 herdiesse

430 3367 468 3411 ou
490 3349 600 3410 mienlx
621 3347 757 3408 temerite
779 3347 868 3407 vouln
898 3345 1015 3420 oguisee
1046 3347 1076 3406 lo
1106 3347 1206 3421 points
1228 3348 1265 3408 ele
1286 3365 1334 3409 me
1365 3353 1432 3424 trop
1462 3350 1536 3412 rode
1558 3351 1665 3428 plume,

430 3468 506 3527 pour
537 3451 644 3511 retinen
676 3448 771 3524 partie
802 3449 839 3508 de
869 3449 900 3507 le
930 3446 1071 3509 melliflue
1093 3449 1250 3510 substenee
1277 3456 1308 3512 et
1334 3450 1475 3512 donicenr
1496 3451 1533 3514 de
1555 3453 1581 3513 si
1603 3457 1664 3512 tres

430 3570 539 3614 eomee
570 3557 602 3612 et
622 3551 767 3626 parlaiete
790 3541 956 3625 eloquenee'
981 3555 1037 3612 ete.
1059 3583 1102 3594 --
1123 3549 1305 3613 Fresoheras
1335 3552 1435 3630 igitur,
1465 3559 1498 3613 nt
1527 3557 1591 3629 ipse
1613 3556 1665 3631 eit,

430 3673 501 3716 usos
523 3660 569 3715 est
590 3654 684 3732 libro,
714 3653 763 3727 qui
785 3653 946 3726 inscriptus
968 3657 1034 3712 orat
1051 3643 1205 3713 ‘Poetieon
1227 3647 1461 3716 Astronomieon'
1485 3671 1522 3716 ex
1552 3673 1610 3731 que
1632 3673 1665 3717 re

428 3758 505 3817 *ooiei
527 3761 627 3831 potest
647 3771 713 3815 enm
735 3771 793 3814 non
815 3752 1022 3814 auotoriietam
1045 3755 1156 3815 codicis
1178 3754 1301 3835 Hygini,
1324 3756 1377 3816 sed
1398 3773 1484 3816 unem
1506 3773 1544 3817 ex
1565 3762 1665 3818 neter-

431 3857 514 3918 rimia
536 3855 714 3919 editionibus
737 3858 869 3916 secutum
891 3872 970 3936 esse;
1000 3872 1068 3915 nem
1099 3856 1229 3934 codices,
1259 3861 1293 3917 nt
1321 3859 1380 3918 iem
1410 3864 1497 3920 antea
1518 3859 1590 3938 dixi,
1619 3861 1665 3919 in·

432 3961 546 4036 cipiunt
567 3976 586 4020 a
606 3959 707 4020 uerbis
725 3952 873 4033 ‘Hyginus
894 3957 936 4018 H.
959 3953 1047 4019 iabio'
1071 4003 1079 4020 .
1101 3960 1140 4020 ad
1161 3959 1342 4022 emendenda
1363 3960 1473 4037 Hygini
1498 3961 1591 4023 uerba
1616 3962 1665 4022 hie

433 4064 511 4125 liber
532 4064 642 4123 nullam
665 4063 823 4122 utilitatem
844 4061 977 4137 praebet

520 4169 627 4227 Omnes
649 4165 704 4225 hos
726 4164 820 4224 libros
842 4169 903 4224 tam
925 4169 1062 4224 senoreto
1084 4167 1263 4244 comparari,
1292 4170 1325 4225 et
1346 4167 1398 4226 nix
1418 4167 1573 4241 quiequam
1594 4169 1666 4226 mihi

429 4285 466 4329 ‚se
488 4267 662 4327 subduxerit
683 4309 692 4327 .
713 4268 744 4326 in
762 4264 929 4340 eolligenda
950 4270 1048 4326 eutem
1065 4266 1201 4326 lectionis
1218 4266 1364 4328 nonomen
1381 4269 1425 4328 lte
1441 4273 1576 4329 uersatus
1595 4285 1667 4347 som,

339 4398 345 4414 ··
432 4374 468 4428 nt
489 4370 587 4429 omnia
608 4384 682 4442 quae
704 4367 743 4426 ad
765 4382 827 4426 rem
849 4366 1041 4445 pertinerent,
1062 4366 1277 4442 exscripserim.

521 4468 658 4530 Ooiieem
680 4469 906 4544 Fribergensem
928 4484 1005 4528 seeo.
1026 4468 1092 4548 XV,
1113 4486 1150 4529 ex
1170 4486 1228 4542 quo
1249 4469 1399 4531 Wellerus
1420 4471 1451 4530 iu
1473 4470 1559 4547 libro,
1581 4488 1666 4546 quern

434 4587 524 4647 supra
546 4572 788 4650 commemoraui,
808 4571 949 4630 nonnulle
970 4571 1134 4649 proposuit,
1154 4572 1285 4632 naneieoi
1306 4589 1365 4633 non
1386 4574 1469 4648 potui
1491 4616 1500 4632 .
1521 4572 1569 4634 hio
1590 4573 1668 4634 liber

434 4680 481 4735 est
501 4674 715 4751 membraneus,
736 4672 767 4731 in
789 4689 846 4747 qno
869 4676 989 4747 praeter
1005 4673 1117 4734 Areten
1134 4671 1302 4734 Germanioi
1318 4674 1419 4735 insunt
1436 4674 1545 4750 Hygini
1561 4675 1669 4735 Astro-
1728 4735 1732 4742 ,

436 4776 551 4836 nomine
573 4820 581 4836 .
602 4776 634 4835 in
655 4774 741 4835 initio
762 4772 822 4851 (iol.
847 4780 897 4853 11,
914 4773 942 4856 a)
963 4776 1036 4835 haee
1057 4776 1195 4850 leguntur
1213 4765 1337 4851 ‘Hygini
1358 4776 1396 4837 ule
1422 4776 1569 4838 sideribus
1591 4782 1669 4838 tree-

435 4883 515 4940 tetns
540 4879 674 4953 egregius
696 4868 809 4953 incipit’
832 4879 864 4937 in
885 4875 943 4938 line
964 4883 1063 4938 eutem
1081 4868 1210 4936 ‘Annum
1231 4880 1352 4940 uoluere
1379 4895 1453 4957 esse,
1475 4895 1540 4938 eum
1562 4880 1608 4938 eol
1629 4877 1668 4938 ab

436 4980 550 5039 nostine
581 4981 693 5039 eireolo
716 4968 801 5038 reiit'
826 5021 834 5038 .
856 4979 955 5038 statim
985 4982 1055 5051 post
1085 4977 1158 5058 haee
1188 4978 1281 5038 uerba
1310 4980 1443 5054 sequitur
1472 4978 1668 5054 fragmentum
1709 4975 1711 4988 '

431 5083 660 5144 astronomicum
691 5081 767 5154 (Duo
798 5084 866 5141 sunt
897 5081 1022 5142 entreml
1044 5081 1170 5142 uertices
1201 5082 1300 5142 mundi
1332 5081 1410 5161 ote.);
1440 5081 1477 5144 de
1499 5097 1557 5156 quo
1578 5083 1667 5156 paulo
