4020 5910
977 715 1187 782 ...52-

466 879 676 964 Aesculapius
697 884 804 948 mente
826 884 1003 948 commotus
1032 878 1201 964 interiecit,
1230 879 1346 946 bacillo
1368 877 1542 962 lugientem
1572 880 1698 949 lerieus-
1791 879 1794 886 “

466 983 604 1068 saepius
638 983 756 1051 Postea
776 981 880 1052 lemur
901 983 984 1051 alter
1001 983 1114 1068 anguis
1131 983 1244 1052 eodem
1264 982 1399 1065 uenisse,
1422 1001 1477 1050 oro
1495 981 1600 1051 terens
1617 985 1691 1051 her·

466 1083 550 1166 bam,
572 1089 606 1150 et
622 1084 655 1150 in
673 1089 771 1169 caput
787 1085 856 1152 eius
873 1083 1066 1170 inposuissc;
1087 1103 1150 1169 quo
1168 1084 1264 1168 iacto,
1284 1090 1438 1168 utrosque
1455 1087 1526 1152 loco
1544 1086 1663 1170 fugisse
1681 1134 1690 1150 .

467 1203 568 1268 quare
598 1186 824 1268 Aesculapium
855 1205 948 1253 usum
978 1186 1090 1254 eadem
1124 1186 1225 1252 herba
1255 1189 1289 1252 et
1319 1185 1475 1252 Glaucum
1504 1187 1689 1252 reuixisse.

427 1287 576 1368 5itaque
601 1288 715 1370 anguis
741 1291 774 1354 et
799 1287 833 1354 in
854 1285 1036 1371 Aesculapii
1066 1285 1168 1353 tutela
1190 1288 1223 1351 et
1244 1285 1278 1352 in
1300 1285 1396 1352 astris
1417 1285 1534 1352 dicitnr
1555 1287 1690 1353 colloca-

466 1394 548 1456 tus.
571 1407 635 1474 qua
657 1388 887 1457 consuetudine
908 1387 996 1456 ducti
1018 1387 1140 1473 posteri
1162 1386 1231 1454 eius
1252 1387 1455 1455 tradiderunt
1479 1389 1625 1473 reliquis,
1654 1395 1690 1455 ut

466 1489 580 1558 medici
602 1490 759 1575 anguibus
781 1494 958 1558 uterentur.

549 1592 609 1662 XV
644 1592 833 1662 SAGITTA
885 1594 976 1663 Hanc
1006 1610 1102 1660 unam
1128 1591 1169 1660 de
1190 1591 1339 1660 Herculis
1364 1593 1438 1660 telis
1467 1611 1538 1662 csso
1559 1595 1688 1662 demon·

465 1702 582 1780 strant,
608 1717 672 1781 qua
693 1699 833 1782 aquilum
856 1698 974 1766 dicitur
1001 1696 1212 1782 interfecisse,
1243 1716 1325 1781 quae
1346 1697 1530 1765 Promethei
1551 1699 1689 1764 iocinera

408 1803 450 1868 10
466 1797 570 1866 lemur
591 1800 749 1885 exedisse,
770 1800 811 1866 de
832 1819 896 1884 quo
917 1800 1064 1883 pluribus
1085 1800 1192 1866 dicere
1213 1818 1278 1866 non
1299 1799 1413 1866 inutile
1430 1799 1559 1866 uidetur
1580 1847 1587 1863 .
1609 1802 1690 1865 auti·

466 1899 522 1982 qui
543 1917 616 1966 oum
637 1899 775 1967 maxima
797 1901 989 1968 caerimonia
1015 1900 1148 1967 deorum
1169 1899 1386 1967 inmortalium
1414 1897 1570 1966 sacrificia
1591 1900 1690 1965 admi-

467 2001 651 2086 nistrarent,
668 2003 755 2070 soliti
773 2009 847 2071 sunt
863 2008 951 2072 totas
967 2003 1090 2072 hostias
1107 2004 1140 2070 in
1158 2020 1322 2070 sacrorum
1340 2019 1526 2070 consumere
1539 2001 1665 2068 flamma
1683 2050 1691 2066 .

466 2105 576 2188 itaquo
606 2124 678 2172 cum
706 2111 839 2192 propter
860 2111 1007 2192 sumptus
1037 2105 1288 2190 magnitudinem
1319 2101 1475 2172 sacrificia
1496 2105 1691 2188 pauperihus

466 2226 530 2273 non
553 2207 765 2292 optingereut,
786 2210 1004 2292 Prometheus,
1025 2211 1080 2292 qui
1101 2214 1235 2293 propter
1257 2207 1475 2274 excellentiam
1495 2206 1614 2289 ingenii
1634 2208 1691 2273 mi·

410 2314 451 2378 15
469 2326 538 2374 rann
560 2308 705 2376 homiues
726 2309 856 2377 linxisse
877 2311 1090 2393 existimatur,
1111 2309 1311 2375 recusatione
1333 2309 1450 2374 dicitur
1470 2307 1511 2374 ah
1533 2306 1612 2374 Ioue
1631 2308 1690 2374 im·

465 2414 624 2492 petresse,
654 2408 691 2476 ht
720 2417 846 2493 partem
876 2412 1001 2478 hostiae
1032 2411 1191 2492 inignem
1214 2409 1386 2489 coicerent,
1416 2415 1542 2489 partem
1572 2410 1605 2474 in
1625 2427 1689 2474 -suo

466 2514 690 2574 consumerent
710 2509 812 2594 uictu3
841 2511 938 2592 idque
960 2515 1076 2592 postea
1100 2508 1297 2576 consuetudo
1318 2506 1460 2572 firmauit
1481 2554 1489 2571 .
1510 2508 1597 2590 qnod
1618 2525 1690 2574 cum

465 2607 558 2674 facile
579 2627 600 2674 a
622 2608 698 2692 deo,
728 2629 792 2677 uon
815 2616 851 2678 nt
872 2610 1001 2678 homine
1022 2628 1124 2677 auaro
1146 2609 1363 2693 impetrasset,
1392 2608 1461 2698 ipse
1483 2609 1691 2676 Prometheus

465 2712 610 2779 immolat
631 2717 743 2780 tauros
766 2713 846 2782 duos
869 2763 876 2780 .
899 2733 1034 2798 quorum
1056 2715 1194 2799 primum
1218 2712 1359 2779 iocinera
1390 2731 1461 2778 cuni
1492 2714 1525 2779 in
1551 2732 1609 2780 ara
1634 2734 1691 2797 po-

405 2809 594 2900 20'suisset,
624 2817 780 2900 reliquam
802 2837 931 2885 carnem
948 2835 992 2896 ,ex
1014 2823 1152 2900 utroque
1173 2821 1267 2882 tauro
1289 2814 1322 2881 in
1354 2833 1452 2882 unum
1483 2816 1691 2898 compositam

464 2918 552 2984 corio
566 2918 686 2985 bubulo
701 2921 854 3002 contexit3
872 2937 945 2985 ossa
962 2923 1069 2986 autem
1082 2935 1301 3003 quaecumque
1316 2916 1454 2993 inerunt,
1471 2918 1595 3000 reliqna
1608 2920 1691 3002 pelle

464 3025 611 3086 contecta
640 3020 674 3085 in
703 3011 822 3088 medio
839 3021 1010 3088 collocauit
1031 3027 1064 3088 et
1086 3021 1155 3086 Ioui
1177 3018 1253 3087 fecit
1281 3025 1500 3103 postestatem,
1530 3025 1566 3086 ut
1597 3040 1702 3104 quam·

463 3123 563 3220 uellet
586 3142 697 3191 eorum
719 3130 860 3192 sumeret
880 3131 1007 3209 partem
1026 3173 1033 3189 .
1051 3123 1199 3209 Iuppiter
1219 3129 1342 3207 autem,
1372 3124 1432 3190 etsi
1463 3142 1527 3190 uon
1557 3143 1618 3207 pro
1645 3124 1692 3190 di-

399 3298 401 3301 ,
464 3225 540 3294 uina
562 3225 637 3296 lecit
659 3229 865 3313 cogitatione,
895 3249 998 3315 neque
1020 3235 1057 3297 ut
1080 3229 1174 3296 doum
1198 3228 1331 3296 decebat
1338 3277 1348 3313 ,
1378 3227 1484 3294 orunia
1506 3229 1560 3314 qui
1582 3229 1692 3295 debuit

405 3321 447 3422 25
464 3337 539 3397 ante
557 3331 739 3415 prouidere,
756 3333 812 3398 sed
831 3334 991 3414 (quonium
1010 3332 1140 3399 credere
1157 3331 1352 3398 instituimus
1369 3331 1521 3414 historiis)
1538 3332 1696 3417 deceptus

464 3471 669 3482 *—

532 3535 557 3588 D
576 3539 594 3590 4
612 3540 640 3590 et
656 3535 749 3589 eadem
765 3535 875 3590 herbam
892 3542 932 3592 et.
950 3565 983 3576 -
1002 3537 1026 3590 (1
1049 3542 1064 3591 1
1082 3535 1170 3605 sepius
1192 3535 1292 3590 feriens
1306 3537 1312 3603 l
1326 3539 1343 3592 8
1359 3534 1482 3605 posuisse
1497 3539 1533 3604 14
1550 3543 1577 3591 et
1599 3535 1691 3592 eadam

464 3617 549 3674 herba
565 3618 688 3686 glaucum
702 3621 708 3688 Ι
723 3623 739 3675 8
754 3619 923 3675 tradiderunt
938 3636 989 3675 om.
1005 3623 1010 3688 Ι
1024 3623 1042 3676 8
1055 3619 1184 3688 Sagittam
1200 3620 1271 3674 hano
1285 3623 1291 3689 Ι
1305 3623 1322 3676 9
1335 3619 1459 3674 iacouora
1472 3620 1479 3688 Ι
1494 3624 1527 3674 16
1537 3609 1577 3673 ‘in
1592 3618 1687 3688 ignem’

463 3717 514 3757 om.
530 3703 535 3770 Ι
549 3701 700 3756 coniectent
714 3715 719 3771 ι
735 3706 768 3758 18
784 3702 852 3757 adeo
874 3709 904 3758 nt
921 3703 1053 3758 hominem
1072 3705 1077 3771 Ι
1100 3706 1132 3758 19
1149 3703 1214 3757 duos
1231 3703 1340 3757 mauros
1358 3705 1363 3770 Ι
1382 3701 1497 3756 iacinora
1511 3703 1517 3771 Ι
1531 3705 1566 3758 20
1583 3718 1662 3757 unam
1681 3706 1686 3772 l

364 3831 368 3850 ,
464 3788 497 3840 23
515 3793 606 3840 autem
622 3799 673 3839 om.
688 3814 725 3829 —
741 3785 768 3840 N
786 3791 803 3841 2
820 3786 883 3840 Post
900 3800 933 3840 ca
947 3788 952 3856 Ι
968 3789 1000 3842 16
1019 3775 1180 3856 proiicerent
1194 3786 1200 3853 Ι
1216 3789 1248 3841 18
1264 3786 1299 3840 ah
1316 3784 1429 3843 homine.

532 3957 549 4009 8
565 3953 619 4023 inp.
637 3952 663 4006 D
681 3953 745 4023 imp.
763 3953 789 4008 li
804 3955 841 4023 14
857 3968 943 4024 quare
963 3993 971 4011 .
987 3993 1015 4008 ..
1033 3953 1116 4007 herba
1133 3952 1159 4008 N
1174 3953 1234 4009 Scir.
1252 3953 1364 4022 aliique;
1390 3954 1462 4022 uulg.
1488 3969 1542 4023 qua
1568 3970 1597 4009 re
1615 3957 1695 4010 Aere..

462 4053 548 4107 usum,
565 4045 592 4093 et
609 4037 703 4092 eadem
719 4036 803 4092 herba
812 4037 941 4093 Glaucum
956 4041 961 4106 i
976 4042 993 4093 5
1012 4037 1096 4092 tutela
1109 4036 1134 4090 D
1148 4037 1172 4090 (l
1185 4037 1211 4091 N
1224 4037 1296 4105 uulg.
1311 4036 1422 4091 tutelam
1437 4040 1442 4104 l
1457 4039 1474 4092 8
1487 4053 1540 4106 qua
1553 4045 1603 4096 etc.
1617 4039 1690 4094 locus

463 4125 506 4175 cst
523 4127 663 4190 corruptus
676 4122 682 4189 Ι
697 4119 876 4190 tradiderunt,
903 4128 934 4176 ut
961 4121 1057 4190 reliqui
1084 4118 1181 4175 medici
1199 4119 1223 4174 U
1238 4121 1243 4188 Ι
1258 4123 1275 4174 9
1292 4121 1340 4174 ioc.
1358 4121 1384 4174 D
1396 4121 1423 4176 N
1441 4121 1512 4189 nulg.
1527 4121 1648 4177 ioconora
1664 4123 1690 4176 h.

463 4203 481 4257 1.
499 4209 527 4259 et
548 4203 577 4257 iu
597 4219 654 4272 sqq.
670 4205 675 4273 Ι
692 4208 724 4260 10
741 4203 809 4273 plur.
827 4205 853 4258 D
870 4205 943 4273 uulg.
961 4204 1086 4274 pluribus
1108 4203 1199 4259 uerbis
1213 4205 1218 4271 Ι
1233 4218 1286 4258 non
1308 4204 1375 4258 utile
1394 4204 1418 4258 D
1432 4204 1456 4258 (i
1469 4203 1496 4259 li
1510 4206 1515 4271 Ι
1531 4209 1562 4260 11
1581 4205 1691 4258 cerimo-

463 4288 508 4342 uia
524 4287 550 4340 D
564 4288 588 4342 (i
601 4287 628 4343 N
647 4295 675 4344 et
695 4289 734 4344 sic
752 4288 833 4358 uulgo
854 4290 973 4345 scribunt
992 4291 998 4358 Ι
1019 4294 1051 4345 14
1068 4296 1123 4358 opt.
1140 4289 1166 4342 D
1188 4288 1241 4342 obt
1260 4288 1284 4342 G
1297 4287 1323 4342 N
1343 4293 1348 4356 Ι
1369 4293 1401 4344 15
1418 4303 1471 4344 rec.
1489 4287 1527 4345 M.
1545 4289 1611 4343 coni.
1630 4281 1691 4343 ‘hac

463 4387 527 4428 usas
543 4372 666 4443 ratione!
683 4377 716 4430 16
739 4373 870 4431 coicerent
888 4375 912 4428 D
930 4375 1002 4444 nulg.
1021 4374 1201 4441 condicerent!
1218 4376 1250 4429 18
1268 4388 1321 4428 non
1339 4381 1390 4428 etc.
1408 4372 1424 4428 i.
1443 4387 1465 4427 e.
1484 4372 1529 4442 qui
1551 4388 1603 4427 nou
1622 4382 1690 4428 esset

463 4472 562 4514 auarus
579 4464 609 4514 ut
625 4458 703 4515 homo
717 4461 722 4528 Ι
737 4457 869 4515 Fraudcm
887 4459 1040 4516 Promethei
1062 4459 1090 4514 in
1107 4458 1226 4514 mnrium
1246 4456 1432 4513 distributione
1453 4455 1531 4511 multi
1551 4457 1691 4527 scriptores

468 4552 687 4612 commemorant,
713 4543 740 4598 in
765 4559 818 4613 quo
843 4559 954 4601 numero
980 4549 1022 4600 est
1037 4543 1101 4599 Hes
1118 4543 1177 4617 ΤΙι.Ι
1187 4547 1238 4599 328
1255 4558 1311 4613 sqq.
1327 4546 1383 4612 120
1399 4543 1427 4597 in
1445 4558 1525 4597 uuum
1543 4582 1550 4598 .
1567 4542 1606 4597 sic
1622 4542 1693 4598 inira

466 4641 507 4695 cp.
525 4631 559 4683 85
576 4627 604 4680 in
628 4642 710 4682 unum
731 4629 870 4698 peruenire
884 4631 890 4697 Ι
905 4633 937 4684 21
957 4629 1076 4683 contexit
1092 4627 1118 4680 D
1136 4627 1209 4696 nulg.
1226 4628 1294 4682 texit
1309 4630 1315 4696 Ι
1328 4641 1396 4696 quae
1417 4627 1515 4681 circum
1534 4626 1557 4679 D
1573 4627 1596 4680 8
1613 4642 1693 4696 quae·

466 4724 577 4779 cumque
594 4710 621 4765 N
637 4711 710 4780 uulg.
728 4725 796 4780 quae
812 4711 882 4766 circa
897 4715 949 4781 121
969 4710 1049 4780 uulgo
1065 4713 1104 4767 sic
1120 4711 1298 4780 dish'nguunt:
1325 4712 1433 4766 luerunt
1457 4711 1574 4781 reliqua,
1595 4711 1666 4780 pella
1686 4713 1691 4782 l

465 4794 568 4864 reliqua
585 4794 603 4851 i.
621 4810 644 4852 a.
663 4795 750 4850 altera
767 4837 774 4851 .
792 4811 853 4850 uam
871 4811 903 4852 ea
919 4796 1010 4866 pallis,
1037 4811 1105 4865 qnae
1120 4797 1202 4867 paulo
1220 4803 1300 4852 autea
1317 4796 1416 4850 comum
1434 4802 1558 4865 uocatur,
1584 4798 1701 4870 caruemj

464 4880 572 4948 tegebat
586 4883 591 4950 1
606 4884 640 4936 23
657 4879 794 4936 sciendum
811 4886 853 4936 est
868 4881 896 4936 iu
913 4879 1011 4938 Niara
1028 4896 1133 4951 semper
1150 4880 1230 4937 scribi
1244 4881 1344 4951 iupiter
1359 4884 1363 4949 1
1378 4883 1412 4936 21
1429 4879 1526 4935 licebat
1544 4879 1568 4934 D
1584 4881 1645 4936 tili
1664 4879 1706 4936 et'

356 5028 360 5038 ι
464 4963 502 5018 sic
519 4963 600 5032 uulgo
617 4963 739 5021 scribunt
756 5005 763 5020 .
781 4963 852 5035 quod
869 4965 938 5036 dedi,
956 4966 1043 5023 uoluit
1059 4967 1095 5022 Μ.
