4020 5910
786 2059 1231 2212 PROLEGOMENA.

931 2269 1038 2282 §NVRWWQ
1042 2269 1065 2280 ΣΝ
1069 2269 1084 2281 ν

427 2383 430 2390 ’
480 2394 638 2466 Postquam
654 2407 729 2465 quaa
742 2392 779 2452 de
791 2391 913 2453 Fabulis
927 2391 1036 2468 Hygini
1055 2409 1127 2466 quas
1147 2392 1248 2452 dicunt
1265 2392 1390 2452 dicenda
1403 2391 1529 2468 luerunt,
1543 2394 1573 2453 in
1588 2410 1624 2454 eo
1647 2386 1649 2390 ’

394 2497 482 2574 libro,
504 2512 589 2570 ‹pucrn
612 2494 691 2553 edidi
713 2492 832 2568 Lipsiae
854 2511 930 2554 anno
955 2497 1037 2556 1857
1045 2491 1082 2572 *),
1104 2493 1207 2554 ordine
1230 2496 1365 2573 exposui,
1395 2513 1472 2555 nunc
1494 2496 1532 2556 ad
1554 2512 1624 2571 pro·

394 2599 522 2672 positum
540 2601 676 2656 reuertar
693 2601 724 2655 ct
741 2613 815 2670 qnae
833 2597 870 2656 dc
887 2596 1100 2656 Astronomicis
1123 2596 1246 2656 dicenda
1267 2597 1414 2677 uidentur,
1436 2616 1522 2673 quam
1540 2615 1626 2659 accu-

395 2700 544 2760 ratissimo
567 2703 597 2760 ot
619 2716 704 2772 qnam
728 2699 901 2760 brcuissirnc
923 2715 1093 2773 proponam.

482 2801 587 2881 Liber,
614 2803 650 2863 dc
678 2820 734 2878 quo
761 2803 860 2865 dicore
887 2802 1016 2882 institui,
1038 2804 1127 2878 uulgo
1153 2801 1326 2864 inscribitur
1349 2793 1394 2864 Ὃ.
1420 2802 1493 2864 Julii
1515 2803 1626 2880 Hygini

395 2907 621 2966 Astronomicon
642 2897 792 2965 Poeticon'
820 2911 851 2966 et
876 2905 969 2966 diuidi
996 2906 1072 2966 solet
1093 2907 1123 2965 iu
1146 2910 1283 2979 quattuor
1305 2910 1419 2985 partes,
1440 2907 1546 2980 quibus
1567 2908 1626 2968 uiri

390 3009 478 3079 ,docti
501 3007 574 3066 haec
595 3012 768 3080 argumenta
789 3011 1036 3080 praeposuerunt:
1058 3006 1109 3067 lib.
1131 3005 1153 3066 1.
1183 3005 1229 3066 De
1251 3007 1352 3066 mundi
1373 3011 1404 3067 et
1425 3008 1568 3082 sphaerae
1590 3025 1626 3068 ac

396 3110 549 3182 utriusque
562 3110 689 3182 partium
704 3109 912 3186 declaratione,
929 3108 981 3168 lib.
998 3109 1036 3168 11.
1061 3107 1107 3168 De
1126 3108 1274 3183 signorum
1296 3109 1467 3169 coelestium
1485 3109 1627 3187 historiis,

397 3212 448 3271 lib.
470 3211 522 3270 lll.
544 3210 590 3270 Do
611 3209 859 3285 descriptionibus
881 3210 1040 3271 formarum
1063 3210 1243 3291 coelestium,
1265 3209 1316 3270 lib.
1338 3209 1405 3270 1111.
1432 3210 1477 3272 De
1499 3211 1626 3286 quinque

399 3315 575 3374 circulorum
615 3315 694 3374 intcr
729 3331 856 3390 corpora
886 3313 1026 3376 coelestia
1065 3313 1216 3376 notatione
1246 3319 1277 3375 et
1306 3315 1433 3390 planetis
1451 3358 1459 3375 .
1477 3315 1627 3376 sciendum

398 3423 497 3477 tamen
519 3419 643 3482 estimo
665 3418 806 3492 scriptum
827 3418 857 3476 in
879 3419 965 3478 libris
987 3434 1073 3478 manu
1095 3419 1214 3493 scriptis
1235 3434 1294 3478 uon
1315 3417 1409 3478 diuidi
1426 3416 1457 3477 in
1482 3417 1576 3478 libros
1598 3423 1628 3479 et

401 3520 508 3594 capita,
526 3520 576 3578 sed
596 3518 671 3578 serie
690 3520 828 3578 continua
845 3521 1041 3593 perscriptum
1059 3516 1295 3592 deprebendi.in
1313 3518 1462 3594 plerisque
1475 3519 1627 3579 codicibus

398 3620 447 3678 hic
464 3618 541 3679 liber
560 3620 602 3678 sic
623 3620 728 3693 incipit
746 3610 892 3694 ‘Hyginus
910 3619 950 3680 lt
972 3619 1052 3680 labio
1075 3623 1207 3694 salutem.
1252 3619 1317 3680 Etsi
1339 3613 1377 3680 to’
1398 3620 1507 3681 desinit
1527 3625 1627 3680 autom

398 3721 428 3779 in
451 3719 551 3780 uerbis
570 3711 648 3779 ‘cum
666 3721 711 3780 sol
728 3719 766 3780 ab
784 3722 897 3782 aestiuo
919 3721 1030 3782 circulo
1052 3714 1138 3782 redit’
1158 3767 1166 3782 .
1184 3723 1384 3797 praemittitur
1401 3723 1469 3782 huic
1486 3722 1628 3782 uolumini

399 3823 579 3896 prooemium
610 3823 681 3882 satia
707 3821 889 3902 longum**),
919 3822 950 3882 in
971 3809 1032 3884 'fine
1064 3829 1161 3884 autem
1190 3826 1277 3899 plura
1303 3823 1521 3903 desiderantur,
1550 3823 1630 3885 inter

401 3943 474 4000 quae
497 3924 615 3985 inerunt
636 3926 706 3985 olim
729 3943 772 4003 ea,
794 3943 868 4001 quae
886 3926 1020 4001 Hyginus
1038 3945 1075 3988 ex
1092 3927 1211 3988 Melone
1229 3926 1403 3988 Atheniensi
1424 3931 1630 4002 proposuerat.

486 4029 552 4089 lion
570 4029 703 4090 diuersos
720 4033 828 4110 mmor,
845 4032 895 4092 sod
910 4030 1033 4092 cundem
1047 4047 1120 4110 csso,
1138 4031 1187 4104 qui
1201 4030 1403 4106 Mytlrologicu
1420 4031 1483 4092 sino
1501 4029 1631 4092 Fabulae

400 4137 430 4192 et
447 4131 662 4210 Astronomica,
678 4150 752 4208 quac
770 4133 880 4208 Hygini
897 4135 1012 4194 nomine
1030 4131 1284 4211 circumferuntur,
1301 4133 1463 4212 scripserit,
1479 4137 1630 4194 auctorem

472 4297 497 4362 ⁸)
515 4297 546 4350 ln
564 4295 766 4366 Prolegomenis
783 4295 847 4352 boio
864 4296 934 4352 libro
952 4297 1108 4367 praemissis
1126 4296 1290 4367 disputatur:
1310 4297 1331 4352 l.
1349 4297 1391 4353 De
1404 4295 1462 4352 uita
1475 4299 1503 4351 et
1520 4295 1630 4365 scriptia

403 4380 507 4436 Hirtii
524 4381 633 4453 llygini,
651 4383 765 4452 Augusti
782 4382 881 4454 liberti,
900 4384 934 4440 ll.
952 4380 995 4439 D'o
1012 4382 1085 4440 Julio
1103 4381 1237 4452 Modesto,
1250 4380 1350 4453 Hygini
1367 4381 1501 4450 discipulo
1519 4381 1631 4450 eiusque

402 4465 553 4522 studiorum
574 4467 689 4537 ratione,
710 4467 758 4524 111.
784 4468 826 4524 De
844 4469 1009 4540 argumentis
1027 4472 1055 4526 et
1076 4468 1164 4524 forma
1180 4467 1297 4540 genuina
1316 4467 1478 4537 fabularum,
1499 4465 1561 4522 1111.
1587 4466 1630 4521 De

402 4552 559 4621 fragmentis
572 4553 757 4625 Dosilheanis,
774 4555 807 4611 V.
825 4555 867 4610 De
884 4553 1020 4611 scribendi
1036 4569 1136 4625 genera
1150 4553 1217 4610 dolii
1233 4553 1341 4623 Hygini,
1358 4559 1491 4621 quatenus
1509 4567 1543 4607 ex
1560 4550 1630 4623 trag·

401 4637 500 4691 mentis
526 4637 584 4692 eius
611 4639 738 4706 cognosci
764 4645 856 4708 potest
876 4644 911 4708 (p.
935 4643 969 4695 16
986 4643 1014 4694 et
1030 4645 1062 4695 21
1081 4642 1131 4707 sq.)
1151 4643 1180 4693 et
1196 4637 1313 4707 Hygini,
1335 4635 1488 4692 tabularum
1510 4636 1631 4691 auctoris

404 4722 452 4776 Vl.
469 4719 512 4775 De
530 4721 669 4777 codicibus
687 4728 715 4776 et
732 4722 895 4778 editionibus
912 4722 1075 4778 fabularum.

475 4805 517 4871 ”l
533 4803 577 4859 Ad
594 4805 762 4874 prooemium
779 4805 901 4876 Hyginus
923 4805 1044 4878 legentes
1062 4805 1171 4874 delegat
1186 4804 1232 4859 lib.
1251 4805 1311 4872 llll,
1329 4807 1358 4874 d,
1376 4803 1523 4859 notandum
1540 4807 1633 4858 umen

404 4895 447 4944 est
468 4905 530 4945 eom
552 4889 598 4945 illo
619 4890 686 4957 loco,
702 4890 775 4947 aliud
796 4893 861 4961 guid
882 4893 935 4950 bac
956 4891 1138 4964 appellatione
1160 4889 1326 4962 significare,
1353 4905 1433 4959 quam
1454 4888 1527 4958 quod
1549 4887 1633 4958 uulgo

403 4976 589 5046 intellegimus.
990 5003 994 5014 ·

454 5069 552 5125 limate,
566 5069 647 5125 Hygini
657 5071 812 5114 damanomlca.
1178 5125 1179 5132 ἵ
1410 5063 1424 5115 l
