4016 5914
858 707 915 788 ”..
949 739 1002 846 =re
1043 695 1128 787 -'-·

367 910 513 988 tempore
530 904 741 972 Prometheus
762 905 907 973 homines
928 905 1064 988 finxerit,
1085 905 1169 972 hune
1189 903 1428 990 pulchritudine
1450 905 1594 990 eorporis

368 1005 507 1088 reliquos
530 1011 748 1089 praestantem
769 1005 896 1091 iecisse3
921 1025 1056 1090 eumque
1078 1007 1279 1091 supprimere
1301 1009 1470 1091 cogitaret,
1491 1025 1595 1091 nequo

368 1106 439 1173 Ioui
466 1112 503 1173 ut
534 1111 659 1174 ceteros
690 1110 855 1193 redderet,
885 1109 1074 1192 Cupidinem
1096 1109 1168 1176 Ioui
1198 1109 1392 1178 nuntiasse.
1415 1129 1477 1194 quo
1509 1109 1594 1176 iacto

369 1211 500 1277 missum
523 1211 718 1277 Mercurium
740 1213 781 1278 ad
803 1214 1005 1278 I’haenonem
1028 1213 1235 1296 persuasisse,
1256 1217 1293 1278 ut
1310 1213 1352 1278 ad
1373 1213 1485 1279 Iouem
1507 1210 1596 1280 ueni·

370 1317 421 1378 ret
443 1317 476 1379 et
496 1313 675 1379 inmortalis
693 1313 785 1380 fieret
806 1363 814 1379 .
837 1316 947 1396 itaque
970 1333 1041 1380 eum
1064 1315 1148 1404 inter
1170 1319 1258 1380 astra
1281 1314 1480 1380 collocatum.
1613 1315 1635 1381 h

453 1413 600 1479 Secunda
622 1414 716 1480 stelle
738 1415 854 1481 dieitur
872 1415 964 1496 Solis,
986 1434 1082 1496 quam
1099 1416 1154 1480 alii
1171 1415 1301 1480 Saturni
1319 1415 1475 1480 dixerunt
1505 1413 1597 1480 Hanc

368 1514 599 1582 Eratosthenes
630 1536 650 1581 a
677 1516 760 1582 Solis
791 1515 856 1583 filio
879 1517 1081 1583 Phalithonta
1111 1516 1304 1601 appellatam
1336 1516 1414 1583 dicit
1435 1564 1442 1579 .
1466 1516 1505 1581 dc
1532 1534 1596 1598 quo

369 1620 549 1702 complures
572 1619 779 1702 scripserunt,
799 1624 836 1686 ut
856 1621 958 1702 patris
975 1619 1148 1685 inscienter
1165 1637 1260 1684 curru
1278 1621 1399 1699 uectus,
1420 1618 1606 1684 incenderit.

371 1725 490 1804 terras;
521 1738 584 1803 quo
615 1720 700 1786 iacto
731 1722 771 1787 ab
794 1723 872 1787 leue
894 1720 1025 1787 fulmine
1047 1739 1232 1803 percussus,
1257 1721 1291 1785 in
1312 1718 1487 1786 Eridanum
1510 1719 1595 1785 deei-

370 1819 455 1904 derit
477 1825 510 1888 et
531 1841 551 1886 a
572 1820 646 1888 Sole
668 1822 752 1888 inter
773 1823 880 1890 sidera
901 1823 945 1889 sit
965 1822 1118 1906 perlatus.
1614 1825 1656 1890 10

455 1922 565 1989 Tertia
587 1929 637 1990 est
658 1924 751 1990 stella
768 1925 897 2009 Martis,
915 1943 1011 2009 quam
1033 1925 1090 1990 alii
1111 1923 1259 1990 Herculis
1282 1924 1440 2006 dixerunt,
1461 1922 1598 1990 Ueneris

370 2042 507 2107 sequens
528 2025 654 2092 stellam
676 2026 752 2108 hac,
776 2032 814 2092 ut
834 2025 1066 2092 Eratosthenes
1088 2027 1143 2107 ait,
1165 2025 1205 2090 de
1228 2043 1324 2091 eausa
1345 2074 1352 2088 .
1375 2025 1461 2108 quod
1478 2024 1596 2090 Uulca·

371 2143 431 2190 nus
453 2143 524 2190 eum
546 2145 677 2193 uxorem
699 2127 857 2194 Uenerem
880 2128 1036 2210 duxisset,
1062 2131 1095 2192 et
1115 2131 1249 2210 propter
1272 2127 1339 2192 eius
1362 2125 1597 2192 obseruantism

371 2227 469 2294 Marti
494 2227 587 2311 copia
607 2246 671 2294 non
693 2226 799 2310 fieret,
825 2233 862 2296 ut
883 2229 962 2295 nihil
984 2229 1072 2296 aliud
1094 2228 1226 2312 adsequi
1249 2229 1427 2309 uideretur,
1457 2228 1518 2294 nisi
1541 2245 1599 2294 sua

372 2331 466 2398 stella
487 2332 622 2399 Ueneris
653 2332 742 2400 sidus
772 2335 920 2418 persequi
947 2355 967 2400 a
993 2333 1119 2402 Uenere
1149 2333 1366 2417 impetrauit.
1388 2332 1496 2417 itaque
1527 2351 1598 2399 eum
1618 2333 1659 2403 15

372 2434 579 2501 uehementer
601 2455 709 2502 amore
732 2457 805 2503 eum
827 2439 1019 2521 incenderet,
1041 2435 1222 2521 significans
1244 2456 1263 2503 e
1284 2435 1369 2503 iacto
1392 2436 1518 2504 stellam
1536 2436 1599 2520 Py·

372 2542 487 2604 roenta
507 2538 692 2621 appellauit

458 2638 582 2717 Quarta
603 2640 698 2705 stelle
715 2644 765 2706 est
786 2640 930 2722 Ueneris,
952 2639 1080 2707 Luciler
1101 2639 1241 2723 nomine3
1263 2658 1358 2721 quam
1382 2637 1524 2704 nonnulli
1547 2638 1599 2704 lu·
1679 2697 1682 2701 .

374 2741 468 2807 nonis
499 2757 569 2806 esse
601 2739 750 2807 dixerunt
775 2789 783 2805 .
805 2742 887 2810 hanc
917 2743 1051 2809 eundem
1082 2741 1261 2823 Hesperum
1292 2738 1461 2823 appellari,
1491 2739 1601 2805 multis

373 2915 575 2924 mmo*—

443 3015 468 3070 Ι)
486 3019 503 3072 2
521 3028 634 3084 eumque
655 3013 820 3083 subprimere
841 3012 957 3083 cogitare
971 3015 977 3084 1
991 3017 1008 3070 4
1024 3011 1172 3084 phetontlra
1185 3012 1223 3083 lh
1240 3011 1399 3082 collocandi
1414 3016 1430 3066 7
1448 3011 1577 3083 phetonte
1594 3012 1599 3081 1

374 3105 392 3158 9
413 3102 591 3172 percursam}
610 3099 736 3156 deiecerit
753 3100 760 3168 1
780 3105 811 3156 11
830 3100 951 3168 arculis!
971 3105 1003 3156 13
1020 3106 1049 3155 et
1068 3115 1119 3154 om.
1139 3106 1145 3170 1
1165 3102 1198 3156 16
1213 3098 1354 3168 phironam
1378 3098 1549 3168 appellatum.
1567 3129 1599 3136 -

376 3186 400 3240 G
422 3192 432 3239 1
452 3183 629 3254 pulcritudine
643 3185 680 3252 12
697 3198 782 3253 neque
800 3190 831 3238 ut
847 3190 947 3239 certam
965 3190 1023 3239 tum
1044 3183 1168 3239 redderet
1181 3186 1219 3252 15
1236 3183 1370 3250 locatum!
1386 3187 1402 3238 7
1420 3182 1574 3251 phetontam
1594 3183 1598 3248 1

375 3273 393 3326 9
409 3283 549 3339 percursus
575 3284 626 3327 om
645 3269 650 3336 1
669 3268 787 3323 deiectus
812 3275 854 3323 cst
871 3270 877 3336 1
897 3274 930 3325 10
946 3268 1034 3323 sidera
1058 3268 1198 3339 perlatus}
1213 3272 1244 3324 11
1262 3266 1357 3323 Tereia
1370 3267 1376 3336 1
1391 3265 1483 3322 martis
1499 3266 1576 3321 atella
1593 3266 1599 3335 1

377 3357 410 3411 16
426 3369 488 3411 eum
505 3369 579 3410 amor
592 3356 598 3424 1
613 3354 735 3425 phrionia
748 3355 754 3425 1
770 3358 802 3411 19
818 3353 889 3410 hune
905 3353 1025 3411 erundom.

450 3617 464 3667 l
478 3611 503 3665 D
519 3612 589 3666 uelle
607 3609 712 3666 uidetur
726 3609 847 3664 tinxisset
860 3611 897 3677 12
914 3610 962 3676 rel.
977 3611 1000 3664 ll
1016 3611 1036 3665 G
1053 3608 1423 3678 ιιι11ε.ιι·1·ἰ]ιι1112ιιιιιι11ιιι
1440 3614 1491 3664 etc.
1508 3607 1602 3678 scripsi

375 3710 409 3750 ex
427 3695 451 3749 G
468 3694 541 3764 uulg.
555 3687 679 3764 ‘eumque
696 3694 861 3764 supprimere
877 3693 1010 3762 cogitasti.
1047 3693 1152 3748 llo-clius
1170 3695 1240 3749 unde:
1259 3709 1371 3762 crurisque
1388 3710 1448 3750 eum
1465 3708 1541 3763 supp.
1559 3708 1603 3748 co-

376 3781 476 3850 gitaret
488 3821 495 3837 .
508 3779 570 3836 uide
587 3794 656 3849 quae
672 3795 754 3850 supra
770 3779 824 3832 disi
843 3798 867 3848 p.
886 3785 1022 3849 ‘risitque
1039 3789 1086 3834 rte.
1106 3778 1199 3847 resipui
1217 3795 1250 3834 ox
1268 3779 1293 3834 D
1311 3778 1384 3848 sulp,
1401 3784 1482 3848 atque
1498 3783 1530 3834 ut
1547 3793 1603 3833 eer-

376 3872 433 3920 tum
451 3865 574 3920 redderet
592 3865 757 3936 Cupidinem,
778 3867 832 3920 torri
850 3877 898 3921 ιιι.
915 3868 921 3932 1
936 3873 952 3920 a
970 3870 1044 3921 auid.
1062 3865 1086 3918 D
1101 3867 1122 3920 G
1142 3863 1213 3932 aadg,
1226 3865 1365 3920 nunciasse
1379 3865 1417 3932 14
1433 3863 1505 3932 uelp.
1518 3862 1603 3918 Phac-

376 3951 471 4006 thonta
485 3953 522 4020 18
539 3951 693 4007 incenderet
710 3951 772 4007 Dtl
787 3953 824 4021 11)
842 3951 968 4007 deiecerit
986 3951 1007 4008 U
1026 3951 1137 4019 aliique3
1159 3949 1231 4018 uulg.
1246 3938 1378 4004 ‘deiectus
1395 3953 1441 4002 'est
1462 3953 1491 4002 et
1506 3962 1525 4002 a
1541 3947 1607 4007 Sole.

376 4036 448 4092 inter
473 4036 561 4092 sidera
588 4033 740 4106 perlatus''.
759 4037 787 4092 in
813 4036 919 4093 scholiis
935 4036 992 4092 cod.
1010 4033 1168 4090 Drasdensis
1185 4033 1238 4102 Δ101,
1256 4039 1298 4104 27,
1316 4049 1332 4088 a
1354 4033 1421 4089 haee
1447 4033 1538 4089 inueni
1555 4028 1602 4088 ‘ab

340 4175 341 4180 ,
376 4125 436 4178 ioue
453 4122 564 4179 fulmine
581 4138 721 4193 percussus
747 4123 775 4178 in
801 4122 938 4178 eridanum
955 4121 1084 4177 deciderit
1109 4126 1137 4176 et
1163 4122 1251 4176 asole
1268 4126 1346 4189 patre
1367 4119 1439 4175 inter
1463 4118 1552 4175 sidera
1568 4118 1604 4173 sit

376 4203 534 4265 conlocatus'
554 4250 561 4265 .
579 4207 641 4262 hine
657 4213 772 4278 apparet
788 4208 816 4262 in
834 4207 909 4264 codd.
926 4206 1025 4278 Hygini
1042 4221 1090 4276 per
1111 4220 1228 4260 errorem
1249 4205 1377 4274 seriptum
1398 4219 1456 4260 esse
1477 4203 1604 4258 deiecerit
1677 4245 1678 4248 ,

376 4309 425 4363 pro
439 4282 595 4347 ‘deciderit'.
630 4290 705 4344 ldem
721 4290 876 4346 scholiastes
901 4289 935 4345 de
951 4290 1047 4345 Martis
1063 4289 1144 4344 stella
1168 4285 1236 4344 haec
1251 4287 1365 4358 profert:
1392 4288 1489 4343 Martis
1514 4291 1604 4342 autem

376 4377 483 4433 stellam
500 4391 580 4445 quam
597 4375 704 4445 quidam
721 4375 827 4430 illorum
839 4375 866 4443 (i
880 4389 903 4430 a.
920 4373 1067 4444 gentilium)
1083 4373 1199 4429 herculis
1216 4389 1276 4429 esse
1292 4372 1425 4442 dixerunt,
1442 4371 1548 4426 ueneris
1564 4368 1603 4426 sess

377 4437 448 4529 (fuas
466 4461 500 4516 ab
517 4460 572 4514 illis
585 4459 666 4514 fuisse
682 4459 835 4529 putubatur.
861 4458 932 4514 llam
947 4474 1008 4514 cum
1025 4457 1155 4513 uuleanue
1171 4471 1297 4512 uenerem
1313 4455 1433 4512 duxisset
1450 4469 1560 4510 uxorem
1576 4459 1605 4510 et

376 4551 486 4614 propter
502 4544 560 4598 eius
576 4543 772 4599 obseruantiam
789 4542 869 4596 marti
886 4542 961 4612 copia
977 4557 1030 4597 non
1047 4540 1126 4596 tieret
1146 4540 1266 4610 nihilque
1283 4538 1392 4610 adsequi
1409 4537 1560 4608 uideretur,
1585 4552 1603 4592 a

377 4645 477 4686 uenere
494 4628 594 4684 coitum
612 4628 766 4698 impetrauit
783 4628 890 4697 etquis
910 4627 1082 4682 uelromcnter
1098 4642 1214 4682 morsum
1229 4624 1302 4694 (tert
1320 4639 1410 4680 amore
1428 4623 1499 4692 eum)
1514 4621 1604 4678 ineen-

378 4715 460 4779 derit.
487 4714 578 4784 pyrois
605 4719 647 4768 est
672 4713 805 4784 appellata
822 4752 829 4768 .
847 4727 865 4767 e
881 4727 934 4783 qua
958 4713 1039 4766 ctiam
1064 4727 1092 4767 se
1109 4710 1241 4767 feruorem
1259 4710 1380 4780 accipere
1401 4707 1527 4764 credebat
1542 4708 1603 4778 (leg.

377 4799 531 4868 eredebant)
544 4801 549 4868 1
565 4805 592 4854 et
609 4799 700 4853 uSole
717 4804 767 4854 etc.
781 4799 820 4854 sic
835 4796 929 4867 scripsi
947 4812 979 4851 ex
996 4796 1021 4850 D
1037 4798 1042 4865 1
1058 4800 1091 4852 14
1108 4795 1221 4865 eopiaD
1236 4795 1260 4850 (l
1277 4796 1348 4863 uulg.
1362 4794 1420 4849 eius
1437 4794 1513 4864 eopia
1526 4795 1532 4862 1
1546 4791 1603 4848 ads.

376 4884 402 4938 D
419 4899 469 4940 ass.
484 4885 507 4937 e
523 4885 528 4950 1
545 4885 577 4940 ld
594 4898 646 4938 am.
664 4897 725 4936 eum
742 4883 768 4936 D
786 4881 858 4950 uulg.
876 4895 936 4936 eum
953 4895 1027 4935 amor
1041 4880 1047 4947 1
1062 4879 1129 4948 sign.
1142 4878 1167 4933 D
1182 4879 1206 4933 G
1223 4879 1296 4947 uulg.
1314 4876 1469 4946 samaim!
1485 4881 1518 4934 19
1535 4876 1604 4932 hanc

377 4969 453 5026 saud.
472 4973 492 5022 l)
510 4969 582 5036 eug.
600 4967 672 5024 hune
689 4965 809 5023 eundem.
