4016 5914
928 685 1160 752 -102-

432 844 576 910 siderum
606 842 806 910 celerrimum
829 861 899 910 csso
931 845 1143 926 demonstrat,
1173 847 1270 913 etiam
1302 849 1424 914 minore
1445 853 1544 930 arcto,
1574 869 1658 931 qnae

432 944 525 1012 breui
548 944 653 1026 spatio
676 943 823 1026 uertitur,
843 951 1011 1028 praestare
1028 992 1036 1010 .
1052 945 1086 1012 id
1109 947 1185 1028 quid
1207 948 1288 1014 uelit
1314 967 1397 1029 csso,
1418 950 1464 1014 sic
1481 951 1662 1032 poterimus

430 1045 484 1111 uel
514 1042 665 1110 facillime
694 1043 911 1127 intellegere.
933 1063 1005 1112 cnm
1026 1045 1070 1112 sit
1090 1045 1174 1112 ouini
1194 1049 1350 1114 maximus
1381 1049 1517 1115 circulus
1548 1051 1657 1132 acqui-

430 1146 578 1214 noctialis
598 1144 633 1211 in
654 1145 800 1229 sphaera,
822 1147 920 1230 inque
940 1165 979 1214 eo
995 1149 1089 1214 Aries
1110 1152 1147 1216 ut
1164 1147 1287 1216 adfixus
1304 1151 1461 1233 uideatur,
1482 1153 1656 1234 quomodo-

392 1248 568 1332 ecumque
589 1247 709 1316 inerint
730 1245 852 1332 figurae
878 1267 1048 1333 corporum
1071 1250 1259 1334 collocatae,
1289 1256 1327 1317 ut
1356 1252 1397 1317 nd
1428 1251 1567 1318 eundum
1597 1253 1656 1318 cir·

359 1360 363 1366 '
431 1352 537 1418 culum
558 1350 763 1434 perueniant,
793 1369 923 1418 necesse
944 1357 995 1418 est
1020 1351 1119 1418 semel
1139 1353 1225 1419 uerti
1255 1353 1424 1435 sphaeram
1447 1400 1455 1417 .
1477 1355 1562 1436 quod
1584 1371 1656 1420 cum

429 1450 495 1533 liat,
516 1457 550 1518 et
570 1452 664 1518 Aries
684 1453 718 1518 in
739 1451 878 1518 maximo
901 1451 1029 1534 cuculo,
1051 1457 1084 1517 et
1105 1451 1217 1518 eodem
1234 1458 1381 1536 tempore
1398 1454 1440 1518 ad
1457 1448 1571 1537 locum,
1592 1473 1655 1538 quo

429 1553 554 1637 reliqua
575 1553 691 1635 sidera,
712 1552 890 1636 perueniat,
909 1570 1040 1620 necesse
1062 1557 1113 1620 est
1133 1569 1205 1620 eum
1228 1555 1427 1623 celerrimum
1450 1556 1521 1622 dici.

479 1712 485 1724 .
515 1656 579 1724 Sed
599 1673 659 1723 nos
681 1656 723 1722 ad
745 1655 856 1722 circuli
878 1653 1094 1722 definitionem
1111 1649 1275 1724 ueniem'us
1292 1663 1326 1725 ct
1343 1660 1467 1742 reliqua
1489 1659 1628 1726 dicemus
1646 1709 1658 1724 .,

372 1757 414 1824 10
429 1761 463 1829 in
486 1761 599 1828 eodem
621 1759 719 1826 Tauri
751 1777 855 1842 genua
885 1764 923 1825 ut
944 1756 1008 1826 fixa
1036 1759 1286 1844 perspiciuntur,
1316 1766 1350 1826 et
1379 1761 1408 1830 si
1437 1762 1582 1828 nonnulli
1610 1763 1657 1829 ita

428 1860 602 1946 finxerunt,
631 1868 670 1929 ut
691 1880 755 1928 uno
777 1881 884 1947 genu,
903 1862 965 1928 hoc
986 1868 1037 1929 est
1058 1863 1170 1929 dextro
1191 1863 1298 1947 nixus,
1328 1864 1457 1932 sinistro
1479 1865 1562 1949 pede
1583 1885 1656 1932 cou-

427 1965 552 2050 tingere
574 1964 737 2062 uideatur,
767 1965 807 2031 de
836 1964 899 2032 hoc
924 1965 957 2032 in
987 1964 1092 2032 medio
1124 1965 1340 2048 relinquemus
1361 2014 1369 2033 .
1392 1969 1450 2032 sed
1480 1968 1514 2032 in
1545 1967 1657 2034 eodem

429 2068 548 2134 circulo
570 2085 652 2134 nona
673 2065 815 2147 Orionis,
836 2072 874 2133 ut
894 2067 966 2150 ipso
990 2067 1108 2134 circulo
1130 2068 1331 2149 praecinctus
1358 2067 1570 2152 existimetur,
1591 2070 1656 2153 lly-

429 2171 488 2237 dra
504 2168 589 2236 flexu
610 2187 630 2236 a
648 2169 754 2252 capite
775 2169 888 2252 primo,
909 2174 947 2234 ut
968 2169 1146 2236 ceruicibus
1164 2168 1278 2236 erectis
1296 2169 1454 2236 Cauarum
1472 2170 1660 2254 contingere

370 2270 411 2337 15
428 2272 587 2354 uideatur,
608 2277 641 2338 et
663 2290 703 2339 ex
724 2269 876 2337 inferiore
898 2288 1034 2354 corpore
1054 2271 1186 2356 Hydrae
1209 2269 1322 2338 Crater
1345 2290 1417 2338 cum
1439 2270 1544 2339 Coruo
1567 2273 1657 2340 uelut

427 2372 509 2442 fixus
527 2392 597 2442 esse
616 2374 735 2441 chcnlo
754 2374 974 2457 conspicitur.
992 2374 1069 2440 item
1087 2391 1209 2457 paucae
1227 2372 1340 2440 stellae
1358 2372 1527 2441 Chelarum
1545 2375 1656 2442 eodem

428 2476 654 2560 adiunguntur.
698 2475 856 2558 Ophiuchi
887 2494 992 2559 genna
1022 2475 1136 2542 eodem
1168 2474 1286 2541 circulo
1317 2493 1338 2540 a
1367 2475 1491 2558 reliquo
1523 2494 1660 2560 corpore

386 2594 387 2599 ’
428 2577 625 2643 diuiduntur.
667 2575 787 2658 Aquila
808 2575 1005 2643 sinisteriore
1035 2594 1141 2659 penna
1171 2593 1273 2658 paene
1300 2576 1493 2658 coniungens
1519 2575 1657 2660 figurata

428 2683 486 2758 est,
507 2678 685 2760 eodemque
707 2677 825 2742 circulo
847 2681 944 2759 caput
965 2677 1081 2758 Pegasi
1103 2695 1176 2743 cnm
1198 2676 1375 2742 ceruicibus
1396 2678 1517 2743 nititur.

368 2779 411 2844 20
514 2779 574 2844 llis
597 2776 786 2860 corporibus
807 2777 972 2860 signorum
1004 2777 1245 2860 aequinoctialis
1272 2778 1407 2843 circulus
1434 2776 1542 2842 finitur
1562 2821 1571 2840 .
1594 2797 1659 2860 quo

427 2878 477 2945 sol
499 2896 570 2945 cum
592 2877 753 2961 peruenit,
780 2876 830 2943 bis
851 2895 915 2942 uno
937 2896 1021 2943 anno
1043 2875 1171 2944 conficit
1192 2877 1441 2960 aequinoctium,
1470 2878 1531 2942 hoe
1553 2883 1603 2944 est
1623 2879 1658 2942 in

427 2981 539 3048 Ariete
561 2985 594 3048 el
612 2979 744 3047 Chelis.
762 2979 796 3046 in
817 2980 878 3046 hac
900 2980 984 3046 enim
1005 2985 1099 3063 parte
1120 2981 1276 3064 sphaerae
1298 2985 1331 3045 et
1352 2998 1410 3045 uer
1432 2985 1465 3046 et
1485 2985 1657 3046 autumnus

428 3081 540 3149 confici
563 3082 778 3163 existimatur,
807 3083 853 3148 ita
875 3088 913 3148 ut
933 3101 993 3148 uer
1014 3082 1057 3148 sit
1077 3083 1110 3147 in
1132 3082 1258 3163 Ariete,
1283 3085 1455 3147 autumnus
1485 3081 1518 3145 in
1548 3083 1657 3164 priore

427 3190 521 3268 parte
551 3183 749 3268 Scorpionis,
779 3185 865 3267 quod
896 3184 1021 3268 signum
1051 3185 1197 3252 nonnulli
1227 3183 1357 3250 Libram
1388 3183 1538 3250 dixerunt
1563 3232 1572 3248 .
1598 3203 1658 3268 per

370 3285 413 3354 25
430 3286 515 3354 hunc
537 3288 690 3355 circulum
712 3288 872 3354 transiens
894 3288 943 3354 sol
964 3288 1005 3354 ab
1027 3288 1138 3355 Ariete
1159 3288 1201 3353 ad
1224 3286 1348 3367 Chelas,
1369 3285 1468 3352 eflicit
1489 3305 1545 3353 sex
1567 3305 1656 3353 men-

356 3391 358 3396 ’
429 3389 513 3455 sium
535 3391 620 3472 diem
641 3390 691 3456 his
712 3390 804 3472 locis,
834 3389 888 3472 qui
910 3390 996 3456 intra
1026 3389 1180 3456 arcticum
1201 3389 1352 3455 uidentur
1382 3388 1508 3471 orbem;
1530 3395 1656 3455 noctem

429 3496 538 3559 nutem
559 3493 618 3577 his,
640 3494 694 3576 qui
715 3492 891 3560 antarctico
910 3493 1032 3558 circulo·
1047 3497 1122 3558 sunt
1139 3491 1250 3559 clausi:
1273 3510 1372 3575 quare
1389 3493 1490 3574 magis
1507 3490 1558 3556 his
1578 3492 1657 3558 locis

394 3655 397 3665 .
429 3615 524 3664 nemo
546 3602 655 3681 potest
677 3599 794 3664 durare
815 3645 823 3662 .
846 3602 880 3663 et
901 3613 1012 3663 rursus
1033 3596 1075 3662 ab
1093 3601 1246 3663 autumno
1264 3613 1365 3677 usquc
1383 3594 1423 3660 cd
1442 3615 1508 3679 uer,
1529 3594 1591 3662 hoc
1607 3603 1658 3662 cst

499 3727 522 3826 a'
534 3726 693 3839 pneuma
707 3770 713 3838 l
729 3769 762 3825 rs
778 3768 860 3824 uena
874 3771 880 3840 ι
896 3774 929 3825 ra
946 3767 1032 3837 apua
1046 3768 1052 3836 ι
1067 3773 1100 3824 27
1118 3783 1170 3836 qua
1195 3766 1311 3822 remma
1336 3766 1407 3822 loen
1425 3797 1458 3808 -
1483 3767 1507 3822 a
1531 3773 1545 3822 1
1563 3767 1659 3822 nunu

430 3853 625 3924 arcticolhid
650 3853 846 3923 quilssetiam
872 3854 1016 3922 nellteo
1042 3853 1138 3908 altimus
1164 3851 1425 3920 arieslheundcnr
1450 3851 1657 3920 locnmlssdici

430 3937 598 3994 celerrimum
616 3944 622 4005 Ι
640 3941 658 3994 9
675 3935 859 3992 diffinitionem
878 3940 885 4007 Ι
904 3943 938 3994 10
955 3937 1004 3992 etsi
1024 3937 1030 4006 Ι
1050 3941 1081 3992 11
1100 3935 1226 3992 finxerint
1243 3937 1250 4007 Ι
1270 3941 1302 3992 15
1321 3936 1427 3991 uidetur
1441 3938 1447 4005 Ι
1461 3952 1496 3990 ex·
1512 3951 1561 3991 am.
1578 3939 1657 4004 lcum

430 4039 510 4080 corno
523 4027 630 4092 crateri
646 4028 679 4081 l‘l
693 4037 780 4094 genna
792 4037 809 4079 a
821 4023 923 4092 reliquo
936 4037 1045 4092 corpore
1058 4021 1150 4078 eodem
1164 4021 1319 4078 diuiduntur
1334 4025 1339 4090 Ι
1353 4027 1385 4078 21
1400 4037 1460 4077 cum
1473 4037 1522 4077 om.
1538 4023 1543 4091 Ι
1558 4024 1592 4078 25
1602 4021 1655 4091 Vll

429 4113 464 4167 27
481 4109 587 4167 arctico

501 4269 514 4318 l
533 4263 595 4326 min.
612 4264 639 4318 D
657 4263 730 4333 uulg.
747 4263 844 4318 minori
857 4262 895 4333 12
913 4260 976 4330 quid
993 4261 1019 4314 D
1043 4260 1116 4330 nulg.
1133 4260 1203 4331 qnod
1221 4262 1228 4332 Ι
1246 4267 1263 4317 8
1280 4261 1328 4318 int
1346 4260 1371 4314 D
1393 4259 1466 4330 nulg.
1484 4261 1632 4330 intelligere
1651 4261 1655 4330 Ι

429 4348 545 4418 linque
566 4363 599 4404 co
615 4348 641 4403 D
661 4347 686 4402 C
707 4347 779 4417 unlg.
797 4348 825 4402 in
846 4361 931 4416 eoque
945 4346 951 4414 Ι
965 4361 1052 4414 quom.
1070 4346 1097 4399 D
1114 4345 1139 4400 G
1155 4346 1227 4414 uulg.
1245 4344 1480 4414 quomodocunque
1495 4347 1531 4414 lli
1549 4345 1609 4399 cira
1631 4344 1658 4397 D

430 4432 503 4501 culp.
521 4432 608 4486 locum
622 4433 627 4499 Ι
642 4434 660 4486 8
676 4445 750 4499 pern
769 4430 794 4485 G
812 4430 884 4498 unlg.
902 4429 1061 4499 perueniant
1075 4430 1112 4498 19
1129 4428 1182 4484 dcl.
1200 4428 1226 4481 D
1243 4428 1315 4497 unlg.
1326 4429 1500 4484 vellectionem
1513 4469 1520 4483 .
1532 4428 1662 4498 Micyllus-

428 4515 516 4571 uoluit
532 4513 695 4571 effictionem
713 4517 719 4584 Ι
740 4521 773 4573 1ο
789 4522 818 4570 et
834 4515 857 4570 si
874 4514 900 4569 D
918 4514 990 4582 unlg.
1008 4507 1058 4570 etsi
1076 4516 1083 4584 Ι
1103 4519 1134 4569 11
1152 4513 1215 4570 finx.
1233 4513 1258 4567 D
1277 4514 1348 4583 culp.
1362 4514 1463 4569 finxere
1480 4553 1487 4569 .
1505 4513 1567 4568 uide
1587 4527 1661 4580 quae:

430 4614 511 4670 supra
527 4598 583 4654 dixi
599 4615 625 4670 p.
644 4602 676 4654 hl
692 4599 779 4669 lperle
796 4599 821 4653 D
835 4599 859 4655 C
875 4597 950 4676 unlg.
967 4615 1063 4669 propa;
1090 4599 1115 4653 U
1132 4598 1243 4667 aliique:
1269 4614 1351 4668 prope
1368 4597 1436 4667 peda
1451 4600 1456 4665 Ι
1472 4602 1505 4662 14
1521 4611 1592 4653 caru.
1609 4596 1660 4666 er.‚‘.

430 4699 480 4754 pro
497 4684 601 4740 ceruice
617 4686 727 4753 erecto!
743 4688 775 4740 18
791 4683 863 4753 nnlg.
881 4698 951 4754 pena
968 4683 994 4738 h.
1013 4684 1031 4738 l.
1050 4692 1078 4739 et
1094 4683 1171 4751 alibi;
1196 4697 1266 4752 pene
1283 4698 1356 4752 eum,
1378 4683 1438 4738 Sch.
1455 4681 1573 4751 aliique!
1588 4680 1659 4737 coni.

430 4769 456 4824 D
475 4769 546 4839 uulss.
568 4769 725 4836 contingens
739 4769 745 4840 Ι
759 4773 793 4826 23
810 4769 930 4840 confieri,
957 4772 974 4824 3
991 4768 1035 4825 Ul.
1058 4769 1086 4824 in
1103 4769 1129 4822 D
1143 4768 1167 4824 C
1183 4767 1210 4824 ln
1229 4767 1246 4822 l.
1264 4774 1305 4824 est
1329 4766 1435 4836 confici,
1460 4782 1542 4836 supra
1566 4772 1657 4821 autem

431 4858 503 4924 cp.l
522 4852 631 4910 confieri
645 4853 651 4926 Ι
665 4869 705 4924 pr.
719 4852 745 4910 G
761 4853 843 4925 priori
855 4853 881 4908 D
895 4895 901 4910 .
915 4851 986 4908 fflcm
1002 4858 1094 4909 tamen
1110 4851 1170 4908 aliis
1186 4851 1253 4908 locis
1269 4852 1326 4908 iere
1343 4866 1447 4922 semper
1462 4851 1545 4908 hahet
1557 4849 1653 4919 priore,

430 4938 533 4997 minore
550 4945 601 4998 etc
