4016 5914
935 693 1149 760 ..yp-

428 865 507 932 teris
524 863 646 930 linibus
667 862 811 947 leporem
832 863 982 928 feminum
1003 867 1233 946 praegnantem
1255 863 1401 930 attulisse
1423 869 1457 931 et
1483 865 1552 930 eius
1578 884 1657 948 par·

429 975 499 1033 tum
530 966 771 1050 diligentissime
802 966 1000 1031 ministrasse
1021 1011 1029 1027 .
1050 964 1160 1048 itaque
1191 975 1262 1030 cnm
1292 967 1483 1051 peperisset,
1513 967 1654 1049 complu·

430 1068 520 1135 ribus
538 1069 607 1133 eius
625 1066 766 1133 ciuitatis
783 1067 924 1132 studium
942 1063 1091 1132 incidisse
1108 1070 1141 1131 et
1157 1067 1275 1150 partim
1293 1067 1406 1150 pretio,
1423 1069 1541 1151 portien
1560 1070 1654 1136 bene-

430 1171 502 1238 ficio
525 1176 683 1236 mercatos
704 1187 814 1235 omnes
837 1169 963 1251 lepores
984 1159 1071 1234 alere
1094 1169 1236 1252 coepisse
1258 1216 1265 1232 .
1288 1170 1334 1235 ita
1354 1189 1418 1236 uon
1439 1172 1535 1252 longo
1557 1173 1655 1237 inter-

392 1273 517 1360 buullo
539 1278 663 1337 mutam
685 1270 922 1336 multitudinem
944 1269 1089 1351 leporum
1111 1275 1320 1352 procreatam,
1344 1277 1379 1336 ut
1399 1278 1469 1336 tota
1490 1273 1592 1337 insula
1614 1274 1655 1338 ub

433 1372 482 1440 his
505 1377 662 1454 occupate
683 1370 845 1435 diceretur
867 1416 874 1432 .
897 1369 1106 1451 quibuscum
1134 1369 1174 1434 ab
1196 1369 1377 1436 hominibus
1407 1371 1486 1435 uihil
1516 1373 1657 1455 duretur,

433 1475 467 1538 iu
488 1472 611 1538 semina
634 1489 744 1537 eorum
766 1471 888 1552 impetu
909 1468 994 1534 lacto
1022 1469 1128 1537 omnia
1155 1471 1390 1536 comederunt.
1413 1491 1475 1553 quo
1498 1471 1582 1538 lecto
1605 1474 1653 1537 in-

433 1574 522 1640 colae
544 1573 726 1640 calamitate
747 1570 875 1654 adlecti,
896 1590 968 1637 cnm
990 1569 1073 1637 lame
1095 1570 1201 1638 iurent
1222 1573 1382 1656 oppressi,
1404 1575 1561 1640 communi
1583 1591 1657 1640 cou-
1691 1641 1693 1647 ,

433 1676 505 1742 silio
527 1676 627 1743 totius
650 1676 790 1741 ciuitatis
812 1674 867 1741 uix
889 1675 1025 1756 denique
1048 1693 1103 1740 eos
1124 1693 1164 1740 ex
1186 1675 1289 1740 insula
1311 1677 1457 1757 abegisse
1479 1677 1627 1744 dicuntur
1650 1724 1658 1741 .

374 1783 417 1846 10
434 1780 543 1861 itaque
574 1785 689 1860 postea
718 1778 838 1858 leporis
869 1775 1002 1858 figurem
1025 1776 1057 1840 iu
1084 1779 1180 1841 ustris
1203 1778 1418 1858 constituisse,
1447 1786 1485 1845 ut
1514 1779 1663 1843 homines

433 1879 654 1946 meminissent
684 1879 729 1944 nil
759 1897 830 1945 esse
851 1885 917 1944 taut
949 1879 1164 1962 exoptandum
1186 1879 1218 1944 iu
1240 1879 1318 1962 uita,
1348 1881 1423 1962 quin
1455 1899 1494 1946 ex
1525 1881 1662 1964 euplus

374 2051 376 2060 Ι
433 1983 553 2048 doloris
576 1999 670 2063 quam
693 1981 835 2047 laetitiae
857 1998 973 2062 cepere
993 1981 1157 2064 posterius
1179 1987 1376 2063 cogerentur.

338 2061 374 2147 s
517 2081 654 2149 XXXIV
685 2080 826 2147 ORION.
885 2081 979 2147 Hunc
1009 2080 1169 2147 Hesiodus
1199 2081 1341 2167 Neptuni
1376 2081 1476 2149 illium
1512 2084 1589 2150 «licit
1620 2105 1659 2151 ex

431 2185 574 2270 Euryale
595 2185 712 2252 Minois
734 2183 799 2250 lilia
821 2190 944 2270 neutuna
965 2202 1148 2251 concessum
1178 2191 1285 2251 nutent
1308 2187 1346 2266 ei,
1368 2193 1404 2253 ut
1425 2205 1524 2270 supra
1545 2187 1660 2254 lltrctus

375 2291 416 2358 lb
434 2295 579 2358 curreret
611 2295 649 2357 ut
678 2290 710 2355 iu
741 2296 842 2372 terre,
874 2289 1139 2372 quemadmodum
1170 2288 1292 2374 iphicle
1323 2290 1433 2356 drittun
1465 2291 1593 2371 dicitnr,
1625 2298 1661 2358 ut

434 2413 535 2479 supra
556 2394 673 2462 oristas
695 2399 839 2460 curreret
860 2413 963 2478 tneque
985 2412 1040 2460 cus
1061 2393 1249 2478 infringeret
1267 2442 1274 2460 .
1292 2393 1531 2462 Aristomachus
1553 2405 1664 2464 trulum

435 2499 514 2565 dicit
545 2500 705 2582 quendam
727 2497 848 2581 Hyriea
878 2497 975 2564 luisse
1007 2497 1138 2576 Thebis,
1168 2497 1326 2564 Pindarus
1356 2505 1462 2564 autem
1494 2501 1526 2563 iu
1558 2500 1662 2566 insule

436 2600 515 2666 Ohio
537 2646 545 2664 .
567 2600 652 2664 huuc
673 2606 795 2681 numm,
825 2619 896 2666 cum
918 2600 1028 2665 Iouem
1051 2606 1083 2665 et
1104 2600 1298 2667 Mercurium
1319 2599 1459 2682 hospitio
1481 2602 1665 2683 recepisset,

436 2687 556 2785 petisse
578 2702 619 2767 ab
641 2702 707 2780 his,
736 2709 774 2766 ut
803 2701 864 2767 sibi
885 2702 1005 2783 aliquid
1028 2701 1201 2768 liberorum
1232 2709 1418 2768 nasceretur
1439 2750 1446 2766 .
1468 2705 1577 2785 itaque
1599 2721 1662 2786 quo

376 2809 419 2874 20
437 2805 563 2871 facilius
585 2805 721 2888 petitum
744 2806 945 2887 impetraret,
975 2804 1090 2870 bouem
1121 2804 1302 2870 immolasse
1333 2810 1366 2870 et
1395 2805 1445 2870 his
1475 2823 1534 2888 pro
1561 2805 1665 2888 epulis

438 2906 656 2989 adposuisse.
679 2907 764 2987 quod
796 2925 867 2972 cum
899 2905 1040 3000 fecisset,
1069 2904 1253 2989 poposcisse
1277 2907 1387 2972 Iouem
1417 2913 1451 2973 et
1471 2907 1665 2973 Mercurium

438 3008 524 3091 quod
549 3009 671 3074 corium
694 3008 735 3073 de
756 3009 841 3074 boue
863 3008 947 3073 leret
965 3008 1152 3086 detractum,
1174 3013 1207 3072 et
1228 3009 1314 3088 quod
1335 3008 1477 3074 fecerant
1499 3011 1609 3074 urinae
1631 3009 1664 3073 in

439 3110 561 3174 corium
583 3107 748 3189 infudisse,
770 3114 803 3174 et
824 3109 858 3173 id
880 3108 939 3172 sub
962 3114 1050 3172 terra
1071 3107 1148 3189 poni
1170 3107 1313 3191 iussisse,
1334 3128 1373 3173 ex
1395 3127 1458 3190 quo
1476 3115 1589 3192 postea
1607 3128 1665 3174 ua·

438 3216 508 3274 tum
530 3227 675 3290 puerum,
700 3226 795 3290 quem
812 3209 951 3290 Hyrieus
974 3205 1097 3272 eiecto
1115 3205 1237 3272 Uriona
1258 3208 1438 3290 appellaret
1459 3255 1466 3271 .
1488 3210 1545 3274 sed
1568 3229 1666 3274 uenu-

379 3315 421 3380 25
443 3316 528 3374 state
550 3317 583 3374 et
605 3309 833 3374 consuetudine
855 3308 973 3372 lactum
997 3314 1055 3389 est,
1075 3315 1112 3376 ut
1134 3306 1233 3372 Orion
1253 3316 1425 3374 uocaretur
1447 3355 1454 3370 .
1476 3309 1528 3374 hic
1550 3311 1667 3375 dieitur

439 3411 558 3478 Thebis
582 3409 695 3476 Chium
727 3412 853 3476 uenisse
884 3416 916 3476 et
938 3407 1132 3492 Oenopionis
1164 3407 1259 3475 filiam
1283 3410 1435 3493 Meropen
1467 3431 1526 3494 per
1556 3413 1665 3478 uinum

441 3515 619 3598 cupiditate
640 3514 788 3580 incensus
811 3513 1025 3596 conpressisse
1048 3560 1055 3576 .
1077 3532 1137 3595 pro
1160 3531 1222 3595 quo
1245 3512 1329 3578 lacto
1351 3513 1392 3580 ab
1411 3513 1596 3595 Oenopione
1614 3533 1667 3580 en-

441 3623 589 3684 ceecetus
611 3623 644 3683 et
666 3617 707 3683 de
728 3617 833 3683 insule
865 3616 985 3682 eiectus
1016 3616 1215 3682 existimatur
1236 3617 1391 3682 Lemnum
1424 3618 1465 3682 ed
1488 3616 1666 3682 Uulcanum

440 3766 644 3777 ..n-—

509 3839 534 3894 D
552 3845 569 3896 6
584 3839 681 3910 purtim
697 3837 785 3909 pretio
797 3837 899 3908 pariter
913 3840 919 3907 Ι
935 3843 967 3894 10
979 3837 1076 3908 leporis
1093 3839 1204 3908 postea!
1222 3843 1253 3894 lb
1268 3844 1360 3894 utum.
1376 3840 1381 3908 Ι
1398 3842 1551 3907 licetret!
1568 3845 1599 3895 rs
1614 3839 1662 3894 uli·

441 3925 520 3996 quial
534 3929 568 3982 22
576 3923 677 3980 feceret
690 3926 696 3989 l
710 3929 744 3980 24
753 3931 859 3978 raucus
872 3926 878 3992 Ι
893 3927 926 3980 27
936 3931 1083 3980 excecatur.
1099 3926 1105 3992 l
1119 3927 1154 3980 28
1162 3924 1252 3978 iectus.
1263 3925 1328 3978 -O
1340 3929 1352 3978 1
1363 3924 1398 3979 ad
1408 3923 1464 3980 ciue
1479 3927 1484 3994 Ι
1499 3935 1601 3995 purtem
1611 3926 1669 3997 [reio

367 4041 369 4046 .
441 4020 545 4083 partem
559 4013 566 4082 Ι
579 4011 696 4081 litaque
709 4010 715 4081 Ι
730 4010 819 4067 sulcu
834 4011 839 4079 l
855 4018 886 4068 11
896 4011 960 4065 ιιιιιι
972 4012 977 4081 Ι
990 4010 1136 4067 telericus
1151 4010 1156 4079 Ι
1173 4013 1205 4066 14
1213 4018 1381 4081 procreatum
1395 4015 1401 4078 Ι
1418 4017 1449 4068 lb
1462 4013 1549 4082 phiclo
1564 4016 1569 4082 Ι
1586 4019 1617 4069 17
1627 4031 1670 4068 eu·

442 4099 563 4155 thereem
577 4101 583 4168 l
598 4103 632 4154 16
648 4092 766 4170 hospicio
780 4100 786 4167 Ι
800 4103 833 4154 21
851 4099 920 4169 quud
938 4098 1085 4154 detructum
1103 4096 1205 4152 cerium
1221 4095 1254 4151 de
1271 4096 1340 4151 boue
1357 4097 1427 4153 lorct
1440 4099 1446 4169 Ι
1461 4102 1495 4154 ‘ll
1518 4100 1642 4156 elretrcus
1662 4103 1667 4170 Ι

443 4188 577 4242 uetustate
591 4184 597 4255 Ι
611 4187 653 4241 26
663 4193 693 4240 ut
708 4184 746 4240 ihi
763 4183 898 4256 enopiouiu
912 4185 917 4254 Ι
932 4189 967 4241 26
984 4184 1102 4240 lemnon.

515 4379 528 4429 1
546 4371 608 4428 iem.
626 4371 689 4425 DO
706 4372 778 4438 uulg.
795 4371 873 4425 luem.
889 4374 894 4440 Ι
909 4371 966 4425 eius
982 4370 1007 4424 D
1026 4371 1097 4439 uulg.
1115 4369 1150 4424 ed
1175 4370 1232 4424 eius
1250 4371 1256 4436 Ι
1274 4375 1292 4426 4
1309 4369 1348 4425 itu
1369 4369 1394 4422 D
1412 4371 1483 4436 uulg.
1503 4370 1609 4438 itaque.
1637 4379 1668 4426 ut

445 4456 526 4528 paulo
543 4463 623 4510 autea
637 4456 674 4524 Ι6
691 4470 708 4509 ιι
724 4454 842 4522 dominis,
862 4462 875 4510 1
895 4455 936 4509 Ul.
954 4454 1051 4522 aliique
1067 4457 1103 4522 18
1121 4451 1174 4508 adl.
1192 4452 1217 4506 D
1235 4453 1279 4510 uli.
1298 4454 1322 4507 il
1337 4457 1342 4522 Ι
1359 4459 1390 4509 ls
1409 4454 1472 4523 Oup.
1490 4453 1606 4508 XXXIV
1620 4458 1666 4508 Ar.

445 4540 544 4596 Pheeu.
562 4544 613 4596 622
630 4555 695 4610 sqq,
714 4539 813 4595 Oetest.
832 4543 879 4610 823
900 4540 988 4596 Schol.
1007 4539 1094 4595 Germ.
1113 4529 1176 4607 331'3
1204 4539 1280 4596 Ouid
1299 4540 1372 4594 Fast.
1390 4545 1415 4610 b,
1433 4545 1491 4597 493.
1509 4541 1607 4595 similia
1623 4541 1668 4594 ulii

445 4624 620 4695 tradiderunt,
637 4639 749 4693 quorum
766 4625 873 4680 uomina
889 4624 965 4694 posui
983 4623 1016 4678 ud
1033 4624 1101 4694 Hyp.
1120 4623 1206 4694 myth.
1225 4640 1265 4694 cp.
1285 4625 1353 4691 1961
1370 4629 1402 4680 16
1418 4640 1504 4692 neque
1520 4624 1545 4677 D
1560 4623 1583 4678 G
1596 4626 1669 4694 uulg.

446 4712 516 4777 uec!
532 4715 564 4766 17
582 4709 707 4778 erytbm
724 4707 761 4774 U,
778 4708 816 4762 lt
834 4708 940 4777 scripsit
957 4707 1063 4777 Hyries,
1081 4705 1114 4761 ci.
1133 4706 1220 4762 Struit.
1239 4707 1277 4760 IX
1295 4724 1320 4777 p.
1338 4712 1390 4762 620
1403 4707 1409 4778 Ι
1423 4706 1511 4775 Ριιιιι.,
1533 4707 1561 4759 in
1583 4706 1670 4775 drthy-
1691 4729 1699 4759 A

446 4794 558 4862 rumbis,
583 4801 615 4847 ut
640 4791 679 4846 eit
695 4791 792 4846 sumto
817 4791 834 4845 l.
853 4807 875 4847 c.
895 4795 901 4859 Ι
919 4797 952 4848 21
971 4791 1031 4860 adp.
1049 4790 1074 4844 D
1092 4805 1153 4859 app.
1172 4789 1264 4856 etus
1283 4793 1353 4845 l‘oret
1368 4790 1393 4844 D
1408 4790 1432 4844 G
1457 4790 1527 4858 uulg.
1551 4789 1645 4844 luisset
1664 4791 1668 4856 Ι

447 4881 482 4932 et
498 4875 546 4930 Ur.
564 4872 598 4931 'ct
616 4875 693 4930 Ouid.
711 4873 785 4928 Fast
802 4874 820 4926 l.
838 4889 870 4942 c,
893 4877 967 4930 Seru
985 4876 1053 4928 Aen.
1073 4881 1096 4940 1,
1115 4877 1165 4928 636
1180 4873 1185 4942 Ι
1200 4887 1259 4927 uen.
1277 4873 1302 4926 D
1320 4873 1390 4940 uulg.
1409 4881 1542 4927 uetustate
1557 4873 1562 4942 Ι
1577 4877 1610 4927 26
1627 4872 1672 4925 bic
1713 4851 1727 4916 Κι

448 4967 498 5014 etc
516 4958 592 5014 Seru
609 4961 676 5013 Asu.
697 4962 737 5025 lO,
755 4960 805 5012 763
820 4958 826 5025 Ι
840 4961 873 5012 27
891 4972 966 5026 coup.
984 4955 1009 5008 D
1026 4971 1110 5024 comp.
1129 4953 1161 5010 G.
1732 4957 1741 4996 ι
