4016 5914
452 643 455 650 1
1056 644 1058 650 ι
1121 637 1123 645 ⁴
1215 639 1217 646 ¹
1348 643 1350 648 Ι
1536 643 1538 650 ι

611 693 618 720 ’1
926 697 929 704 ·
972 697 974 702 Ι
1011 717 1026 736 u*
1107 693 1199 726 ..Νι
1247 699 1272 714 Ἰ
1333 689 1380 728 ’τί
1473 689 1496 726 1ι

852 757 855 770 Ι
1498 759 1500 770 Ι

798 811 801 820 ·
857 805 897 814 —
943 769 984 834 73
1026 803 1069 815 -

350 940 535 1025 peruenisse
558 943 591 1006 et
612 938 653 1006 ab
676 957 714 1006 eo
737 937 895 1022 quendam
919 937 1031 1003 ducem
1053 936 1227 1004 Cedaliona
1243 938 1371 1004 nomine
1388 937 1575 1022 accepisse.

350 1061 444 1124 quern
468 1042 549 1107 collo
572 1040 679 1108 terens
702 1041 822 1106 dicitur
840 1039 881 1104 ad
904 1039 1009 1105 Solem
1033 1039 1159 1105 uenisse
1182 1043 1215 1104 et
1235 1040 1276 1104 ab
1299 1058 1337 1105 eo
1365 1044 1510 1122 sanatus,
1539 1045 1577 1106 ut

350 1161 384 1208 sc
415 1142 637 1222 ulcisceretur,
669 1140 782 1206 Chium
813 1139 987 1204 reuertisse
1010 1185 1017 1202 .
1041 1139 1229 1221 Oenopione
1258 1144 1366 1205 autem
1401 1159 1421 1204 a
1452 1139 1575 1206 ciuibus

351 1243 409 1307 sub
432 1248 519 1307 terra
542 1241 735 1306 custoditum
763 1256 832 1306 esse
850 1285 858 1303 .
876 1257 970 1321 quem
987 1231 1159 1321 'postquam
1182 1256 1217 1303 se
1239 1240 1383 1305 inuenire
1401 1257 1497 1322 posse
1520 1239 1575 1305 de·

349 1345 494 1424 speraret
507 1341 616 1419 Orion,
633 1340 666 1404 in
683 1336 957 1405 insulamCretam
975 1337 1170 1419 peruenisse,
1187 1340 1220 1402 et
1236 1337 1280 1402 ibi
1303 1339 1413 1404 uenari
1432 1337 1576 1422 coepisse
1594 1338 1615 1403 5

351 1461 420 1508 curn
443 1441 560 1523 Diana,
591 1444 625 1506 et
646 1441 676 1506 ei
698 1439 842 1522 polliceri
865 1456 947 1521 quae
979 1437 1248 1521 supradiximus,
1280 1441 1313 1504 et
1337 1437 1384 1504 ita
1406 1438 1447 1505 ad
1470 1439 1577 1506 sidera

350 1543 536 1630 peruenisse
559 1591 565 1608 .
588 1543 731 1611 nonnulli
762 1547 869 1610 sutem
901 1541 992 1609 aiunt
1014 1541 1134 1608 Oriona
1165 1561 1236 1608 cum
1258 1541 1443 1628 Oenopione
1473 1560 1577 1626 prope

337 1649 446 1732 ,nimiu
469 1649 672 1715 coniunctum
693 1647 833 1714 amicitia
855 1645 988 1728 uixisse,
1014 1655 1048 1713 ιι
1068 1646 1154 1729 quod
1182 1646 1211 1713 ei
1233 1646 1374 1714 uoluerit
1395 1665 1488 1713 suum
1510 1651 1577 1714 stu-

322 1745 336 1830 s
350 1751 434 1816 dium
458 1751 491 1816 in
514 1750 661 1816 uenando
683 1750 834 1832 probare,
864 1748 986 1814 Dianae
1017 1766 1145 1830 quoque
1175 1747 1353 1830 pollicitum
1375 1766 1458 1831 quae
1480 1767 1577 1833 supra

313 1853 315 1860 '
351 1852 502 1930 diximus,
535 1857 569 1917 et
598 1853 645 1917 ita
674 1849 876 1917 interiectum
906 1898 913 1914 .
940 1850 994 1914 alli
1026 1849 1136 1915 dicunt
1167 1867 1237 1914 cum
1268 1849 1474 1932 Callimacho,
1505 1869 1576 1916 curn
1596 1849 1639 1915 10

351 1955 473 2021 ltirunoe
497 1954 561 2021 uim
585 1952 725 2021 uoluerit
745 1953 886 2037 oclicrre,
917 1951 957 2018 alr
989 1971 1027 2019 ea
1058 1950 1184 2035 sagittis
1208 1969 1277 2018 esse
1299 1951 1455 2019 confixum
1483 1953 1578 2021 etad

351 2059 458 2124 sidera
489 2062 623 2141 propter
654 2057 794 2124 uenandi
826 2055 990 2123 consimile
1022 2055 1163 2122 studium
1195 2053 1407 2122 ulelormatum
1437 2104 1445 2120 .
1476 2055 1579 2124 Istrus

354 2166 462 2227 autem
487 2161 564 2227 dicit
586 2160 707 2226 Oriona
729 2179 749 2225 a
770 2159 875 2226 Diana
898 2177 968 2225 esse
991 2157 1143 2236 dilectum
1166 2162 1198 2224 et
1219 2176 1321 2241 paene
1343 2157 1473 2241 lactum,
1492 2165 1530 2225 ut
1551 2159 1580 2227 ei
1687 2197 1688 2200 =

354 2264 500 2346 nupsisse
524 2263 791 2329 existimaretur.
814 2261 898 2344 quod
923 2281 994 2328 cum
1015 2260 1134 2344 Apollo
1157 2281 1253 2345 aegre
1279 2260 1392 2346 ferret,
1423 2267 1455 2328 et
1484 2281 1581 2347 saepe

356 2384 426 2430 eam
449 2366 621 2446 obiurgans
644 2364 724 2430 nihil
747 2366 878 2447 egisset,
909 2365 1049 2429 natantis
1072 2364 1200 2429 Orionis
1231 2365 1326 2447 longe
1357 2369 1455 2448 caput
1476 2366 1577 2431 solum
1598 2361 1640 2426 15

349 2466 454 2532 uideri
477 2466 695 2548 conspicatus,
728 2465 891 2537 contendit
913 2482 983 2530 curn
1006 2464 1111 2529 Diana
1133 2483 1204 2530 eam
1226 2484 1289 2530 non
1312 2483 1407 2547 posse
1430 2465 1580 2548 sagittam

349 2568 477 2634 mittere
499 2568 541 2634 ad
563 2567 605 2648 id,
628 2566 712 2650 quod
735 2568 860 2650 nigrum
877 2567 910 2632 in
929 2567 1009 2631 mari
1025 2566 1192 2632 uideretur
1210 2614 1218 2632 .
1237 2585 1319 2650 quae
1338 2586 1408 2634 cum
1428 2585 1463 2634 se
1481 2568 1581 2635 uellet

351 2672 384 2736 in
407 2689 445 2736 eo
469 2670 575 2736 studio
607 2670 742 2738 maxime
765 2669 918 2737 artificem
951 2669 1025 2750 dici,
1057 2670 1174 2752 sagitta
1204 2670 1317 2736 missd·
1333 2675 1430 2756 caput
1452 2670 1579 2737 Orionis

350 2773 508 2838 traiecit.
530 2773 638 2855 itaque
661 2790 733 2838 cum
757 2791 827 2838 cum
845 2770 960 2837 ductus
982 2771 1184 2836 interiectum
1207 2772 1248 2836 ad
1270 2773 1346 2838 litus
1369 2773 1524 2855 eiecisset,
1546 2775 1580 2838 et

349 2893 383 2939 se
416 2893 488 2940 eum
510 2873 615 2940 Diana
636 2873 832 2955 percussisse
863 2873 1035 2956 plurimum
1058 2872 1191 2953 doleret,
1220 2873 1330 2938 multis
1360 2874 1428 2939 eius
1456 2873 1578 2939 obitum
1596 2868 1640 2934 20

350 2979 520 3059 prosecuta
543 2975 696 3056 lacrimis,
726 2975 810 3040 inter
842 2973 948 3039 sidera
979 2975 1130 3039 statuisse
1161 2973 1362 3040 existimatur
1383 3021 1391 3038 .
1414 2975 1470 3041 sed
1497 2990 1597 3058 quae'

352 3082 427 3160 post
449 3082 584 3142 mortem
607 3077 676 3143 eius
697 3076 802 3142 Diana
824 3075 996 3156 leocritia
1020 3076 1088 3141 eius
1110 3074 1253 3140 historiis
1276 3075 1425 3142 dicemus.

439 3179 560 3245 XXXV
591 3178 731 3245 CANIS.
774 3178 836 3244 llic
858 3178 975 3244 dicitur
997 3178 1038 3272 alr
1059 3179 1137 3243 Ioue
1160 3182 1267 3244 custos
1285 3176 1435 3263 Europae
1453 3178 1581 3263 adposi-

355 3289 407 3348 tus
430 3301 501 3350 csse
524 3287 556 3349 et
578 3281 619 3348 ad
642 3281 750 3348 llinoa
771 3282 958 3366 peruenisse
981 3329 988 3343 .
1011 3299 1105 3364 (palem
1127 3281 1255 3348 Procris
1278 3280 1410 3366 Cephali
1433 3302 1513 3349 uxor
1533 3283 1580 3349 la·

356 3387 523 3453 borantem
548 3385 664 3452 dicitur
687 3405 815 3452 sanasse
847 3390 880 3452 et
909 3404 969 3470 pro
1001 3404 1038 3452 eo
1069 3383 1223 3451 beneficia
1251 3404 1361 3453 canem
1383 3385 1507 3453 muneri
1529 3405 1581 3454 ac·
1598 3377 1641 3445 25

353 3489 496 3574 cepisse,
518 3491 603 3574 qurod
626 3490 682 3556 illa
705 3489 848 3556 studiosa
869 3488 969 3554 luerit
990 3489 1182 3572 ruenationis,
1213 3494 1246 3555 et
1268 3490 1353 3573 quod
1385 3490 1455 3556 cuni
1477 3489 1584 3557 fuerat

354 3597 478 3676 datum,
501 3613 554 3660 ne
587 3595 652 3660 ulla
683 3592 751 3660 iera
781 3593 959 3677 praeterire
991 3612 1062 3658 eum
1093 3597 1204 3676 posset
1224 3640 1232 3656 .
1254 3598 1330 3676 post
1360 3594 1428 3659 eius
1460 3593 1582 3661 obitum

354 3696 440 3761 canis
462 3695 504 3760 ad
522 3695 698 3777 Cephalum
716 3695 872 3778 peruenit,
895 3694 982 3777 quod
999 3693 1128 3759 Procris
1150 3694 1218 3760 eius
1239 3693 1346 3760 fuerat
1362 3713 1443 3760 uxor
1461 3742 1468 3758 .
1487 3713 1582 3779 quem

421 3952 446 4006 1)
464 3957 481 4008 5
498 3968 597 4007 uenurc
612 3957 648 4019 16
666 3951 813 4020 pelliceret
829 3949 967 4018 rudperto
984 3949 1034 4004 hec
1051 3948 1165 4004 referret
1179 3952 1185 4018 Ι
1201 3955 1233 4006 17
1250 3965 1279 4006 se
1297 3967 1356 4006 cum
1371 3952 1376 4018 Ι
1392 3957 1426 4007 20
1439 3957 1466 4006 ιι
1482 3950 1582 4008 multia

354 4067 388 4077 -
407 4036 431 4091 C
452 4041 465 4092 1
485 4036 621 4091 celedonis
637 4039 642 4103 Ι
657 4043 674 4093 5
692 4041 792 4091 cretam
810 4036 886 4091 uenit
903 4041 931 4089 et
948 4033 984 4089 ibi
1002 4050 1061 4088 cunr
1080 4033 1159 4088 diana
1176 4041 1288 4090 uenatus
1306 4040 1347 4090 est
1364 4041 1392 4090 et
1409 4034 1434 4089 ei
1451 4035 1584 4104 pollicitus

355 4129 397 4177 est
411 4124 416 4189 Ι
432 4111 559 4178 7‘autem
577 4121 652 4175 aiunt
671 4163 677 4178 .
693 4162 720 4176 ..
739 4118 829 4175 interl.
843 4114 896 4173 alii‘
913 4135 964 4174 om.
979 4119 985 4182 Ι
1002 4123 1032 4174 11
1047 4117 1145 4173 inierre
1161 4120 1165 4186 Ι
1182 4123 1214 4176 15
1227 4135 1285 4174 eam
1298 4136 1348 4176 orn.
1364 4119 1514 4187 1ιι1ι1ι121
1530 4121 1583 4176 exi·

354 4207 478 4261 stimatur
496 4222 546 4261 om.
562 4207 616 4274 124
634 4205 727 4276 procis.
1138 4215 1146 4231 ·

427 4433 439 4483 1
458 4426 599 4496 quemdam
617 4427 641 4480 Ι)
661 4468 667 4482 .
686 4426 733 4482 sed
750 4426 810 4482 aliia
835 4426 901 4482 locis
918 4425 987 4480 idem
1009 4425 1091 4480 habat
1112 4424 1243 4494 quendam
1258 4428 1264 4495 Ι
1278 4426 1440 4483 cedalionern
1457 4427 1482 4482 Ι)
1502 4468 1508 4484 .
1527 4427 1587 4498 Κη-

357 4510 487 4566 δαλίωνα
515 4512 708 4567 restituendum
735 4517 776 4567 est
794 4512 821 4567 in
839 4512 938 4568 Catast
956 4511 973 4566 l.
993 4527 1015 4568 c.
1031 4512 1036 4579 Ι
1051 4516 1067 4566 2
1082 4502 1197 4574 ‘dicitur‘
1216 4509 1305 4565 addidi
1332 4526 1366 4568 ex
1382 4511 1407 4566 D
1422 4513 1446 4568 (i
1460 4512 1465 4581 Ι
1480 4516 1497 4570 4
1514 4519 1586 4583 post·

356 4613 434 4666 quam
453 4597 525 4667 desp.
544 4597 577 4653 cl.
596 4597 703 4668 Zumpt,
721 4612 831 4666 granam.
850 4597 875 4668 ς.
894 4598 997 4664 50716
1014 4611 1108 4665 supra,
1126 4611 1166 4664 cp.
1184 4597 1238 4664 261
1256 4601 1287 4652 12
1305 4596 1414 4652 histriae
1432 4597 1492 4652 DC
1507 4597 1585 4665 *nula

354 4683 423 4736 later
442 4723 449 4736 .
468 4681 529 4737 uide
546 4697 615 4752 quae
642 4697 723 4751 supra
750 4681 804 4736 dixi
831 4697 858 4751 p.
875 4686 892 4736 2
910 4687 938 4736 ιι
956 4685 972 4738 5
987 4681 992 4748 Ι
1009 4685 1041 4735 13
1058 4695 1126 4749 pene
1148 4680 1213 4734 DC
1230 4684 1257 4734 et
1275 4680 1314 4736 sic
1340 4681 1420 4751 uulgo
1442 4681 1561 4738 scribunt
1580 4684 1585 4753 Ι

357 4772 391 4822 14
408 4782 471 4835 egre
489 4767 513 4820 G
528 4808 534 4823 .
548 4765 617 4821 idem
637 4766 754 4822 uoluisse
772 4765 880 4821 ululatur
896 4763 922 4818 Ι)
937 4765 989 4831 121
1009 4762 1054 4819 sed
1073 4765 1123 4819 ιιι.
1142 4764 1256 4819 Bursian
1274 4769 1352 4835 putat
1368 4765 1503 4837 Hyginum
1520 4766 1587 4821 llaec

356 4850 539 4922 imprudenter
560 4851 740 4922 exscriptore
757 4865 852 4922 graeco
870 4848 1002 4904 addidisse
1017 4851 1022 4919 Ι
1037 4853 1070 4906 23
1084 4849 1147 4918 Cap.
1162 4849 1263 4906 XXXV
1282 4851 1329 4906 Ar.
1343 4850 1442 4907 Plzaen.
1456 4855 1507 4910 526
1520 4867 1586 4922 sqq,

358 4939 457 4993 Catast.
476 4941 521 5008 333
540 4937 627 4994 Seirol.
646 4938 735 4995 Germ.
754 4941 818 5007 3363
835 4936 921 5008 Myth.
939 4923 1006 4991 Uat'
1019 4934 1040 5008 l,
1058 4939 1108 4992 283
1128 4978 1133 4991 .
1154 4934 1266 4990 aliomm
1293 4936 1451 5008 scriptorum
1478 4936 1586 4994 nomina

357 5025 432 5096 posui
451 5024 485 5080 ad
502 5025 570 5097 llyg.
588 5024 673 5096 MyOu.
692 5041 733 5096 cp.
753 5027 802 5082 189
817 5026 822 5094 Ι
836 5022 895 5094 adp.
914 5022 939 5077 D
957 5036 1018 5094 app.
1038 5022 1059 5078 (1
1076 5024 1082 5091 Ι
1097 5027 1130 5079 25
1147 5039 1256 5078 munere
1274 5021 1298 5078 ll
1313 5023 1344 5079 (i.
