4020 5910
980 661 1189 726 ‚gg-

469 826 554 890 bello
577 824 742 890 laemsitas
773 841 852 904 esse,
882 840 991 904 neque·
1016 822 1145 904 naulglo
1168 812 1358 904 quemquam
1389 841 1490 904 usum,
1521 824 1578 888 sed
1608 826 1695 904 egris

471 923 613 992 colendis
637 923 737 990 uitam
759 941 855 1008 ogere
879 939 1048 990 consuesse
1072 970 1078 987 .
1101 921 1159 989 sed
1181 927 1255 1007 post
1277 941 1386 989 eorum
1410 922 1531 989 onium
1554 924 1608 1008 qui
1631 926 1696 991 slnt

470 1021 547 1114 nati,
569 1046 624 1096 eos
642 1026 747 1096 uriuus
766 1025 934 1111 officiosos,
955 1025 1057 1112 nregis
1075 1044 1191 1113 auor-os
1209 1027 1351 1114 coepisse
1369 1023 1450 1113 fieri3
1473 1047 1572 1112 qrrme
1590 1029 1694 1097 nrinus

469 1133 629 1200 Iustitiam
651 1133 735 1199 inter
756 1132 900 1199 homines
922 1129 1021 1198 fulsse
1039 1136 1259 1198 conusersatom
1282 1181 1290 1196 .
1313 1132 1448 1216 denique
1471 1152 1598 1200 eausam
1621 1155 1694 1218 per-

429 1236 594 1303 euenisse
615 1253 716 1317 usque
738 1253 790 1316 eo,
812 1235 888 1299 dum
910 1233 1071 1298 diceretur
1092 1251 1225 1298 aeneum
1248 1252 1347 1315 genus
1369 1222 1530 1300 hominum
1553 1241 1663 1302 natum
1686 1286 1694 1301 .

468 1338 577 1418 itaque
597 1336 660 1402 iem
683 1353 748 1399 non
770 1335 914 1416 potuisse
935 1331 1003 1415 pati
1026 1333 1163 1416 amplius
1185 1337 1218 1398 et
1244 1335 1286 1398 ad
1312 1333 1417 1399 sidera
1440 1337 1585 1402 euolasse
1606 1384 1614 1399 .
1636 1338 1693 1402 sed

468 1439 551 1504 hane
572 1437 628 1503 alii
645 1437 831 1519 Fortunam,
853 1435 908 1500 alii
927 1433 1074 1500 Cererem
1098 1433 1255 1518 dixerunt,
1278 1440 1311 1502 et
1327 1435 1388 1500 lroc
1410 1437 1511 1519 magis
1533 1457 1595 1504 non
1619 1457 1692 1504 eon·

468 1540 557 1605 uenit
578 1541 663 1605 inter
685 1557 750 1620 eos,
771 1538 857 1620 quod
880 1542 977 1621 eaput
998 1535 1067 1602 eius
1088 1537 1219 1603 nimium
1242 1537 1412 1604 obscurum
1434 1539 1592 1606 uidetur.
1615 1560 1692 1606 non-

417 1641 423 1670 '
467 1642 545 1706 nulli
569 1659 639 1707 eum
662 1641 823 1722 Erigonen
844 1637 927 1705 Icar'i
949 1637 1046 1704 filium
1070 1639 1232 1720 dixerunt,
1258 1637 1298 1702 de
1320 1657 1383 1720 qua
1406 1657 1504 1722 supra
1527 1641 1662 1708 diximus
1685 1691 1693 1707 .

411 1748 452 1814 10
469 1743 526 1809 alii
555 1747 663 1809 autem
684 1740 844 1825 Apollinis
873 1739 970 1806 filiam
1002 1759 1041 1806 ex
1072 1737 1292 1822 Chrysothemi
1323 1745 1446 1823 nomm,
1477 1745 1510 1806 ct
1539 1741 1691 1810 inferitum

468 1845 652 1910 Parthenon
673 1842 801 1911 nomine
823 1842 1032 1925 appellatam¹
1054 1859 1195 1924 comque,
1217 1843 1303 1924 quod
1324 1861 1427 1924 parua
1448 1844 1621 1926 interierit,
1651 1848 1692 1912 ab

467 1945 616 2027 Apolline
638 1944 724 2008 inter
745 1943 851 2007 sidera
874 1943 1070 2007 collocatam.

552 2044 660 2111 XXVI
690 2042 923 2109 SGORPIUS.
967 2037 1028 2106 Hic
1049 2046 1183 2124 propter
1205 2041 1453 2123 magnitudinem
1476 2045 1692 2112 membrorum

466 2147 501 2213 ln
523 2147 586 2214 duo
608 2147 700 2230 sigua
721 2144 884 2227 diuiditur,
906 2163 1041 2228 quorum
1064 2143 1157 2208 unius
1180 2142 1316 2227 effigiem
1338 2146 1440 2211 nostri
1458 2147 1586 2213 Libram
1605 2148 1692 2214 dixe-

409 2254 449 2321 16
468 2253 573 2315 runt.
596 2249 652 2316 sed
676 2248 803 2315 omuino
826 2253 929 2314 toturn
960 2247 1086 2330 signum
1117 2245 1177 2311 hae
1199 2246 1239 2311 de
1270 2265 1365 2312 causa
1397 2253 1552 2314 statatum
1584 2250 1691 2316 entsti·

467 2359 586 2418 matur:
618 2343 705 2437 quod
727 2351 827 2417 Orion
850 2369 921 2416 eum
943 2354 1129 2430 uenaretur,
1161 2355 1194 2414 et
1216 2350 1249 2414 in
1271 2367 1309 2414 eo
1332 2351 1631 2418 exercitatissimum
1654 2373 1689 2420 se

466 2460 536 2521 esse
567 2452 755 2534 confideret,
777 2453 896 2518 dixisse
917 2451 1013 2517 etiam
1035 2450 1158 2516 Dianae
1189 2458 1223 2516 et
1244 2452 1387 2517 Latonae
1409 2471 1444 2517 se
1466 2455 1586 2535 omnia,
1609 2473 1690 2536 quae

466 2574 505 2622 ex
536 2563 623 2622 terra
654 2555 812 2636 oriantur,
843 2551 1022 2620 interlicere
1054 2553 1162 2618 ualere
1184 2602 1191 2617 .
1214 2571 1313 2636 quare
1339 2555 1472 2624 Terram
1503 2563 1690 2641 permotum,

465 2659 671 2746 Scorpionem
693 2659 827 2741 misisse,
849 2657 903 2742 qui
926 2677 997 2723 euru
1015 2655 1194 2724 interlicere
1217 2663 1413 2726 monstratur
1431 2709 1438 2723 .
1456 2661 1564 2727 louenr
1583 2667 1689 2728 sudem

406 2773 449 2838 20
466 2766 634 2849 utriusque
655 2765 796 2832 uuinrum
819 2763 1025 2841 admiratum,
1055 2761 1261 2845 Scorpionem
1283 2763 1366 2831 inter
1388 2770 1475 2830 estre
1498 2767 1706 2849 conlocasse,¹

464 2872 502 2933 ut
523 2868 646 2951 speeies
669 2866 738 2932 eius
759 2867 949 2932 hominibus.
962 2865 1154 2929 documento¹
1169 2872 1266 2947 esset,
1288 2884 1327 2930 ne
1354 2867 1425 2948 quis
1449 2886 1559 2934 eorum
1581 2869 1689 2952 aliqua

465 2989 501 3036 re
523 2970 585 3044 sibi
606 2968 780 3037 confideret
801 3016 808 3034 .
830 2969 966 3035 Dianam
988 2973 1095 3031 eutem
1116 2973 1250 3050 propter
1267 2969 1407 3033 studium
1426 2969 1553 3037 Orionis
1570 2973 1690 3054 petisse

465 3073 506 3136 ab
527 3073 614 3154 Ioue,
636 3079 673 3136 ut
694 3071 778 3136 idem
800 3070 847 3134 illi
868 3066 1056 3134 beneficium
1080 3068 1173 3133 daret
1194 3069 1326 3149 petenti,
1347 3071 1432 3152 quod
1455 3071 1575 3138 Terrae
1602 3074 1688 3140 ultro

465 3173 631 3237 tribuisset
648 3219 656 3234 .
673 3172 783 3252 itaque
802 3189 875 3236 eum
894 3171 940 3235 ita
957 3168 1173 3249 constitutum,
1191 3172 1236 3251 ut,
1255 3186 1326 3234 cum
1344 3171 1494 3253 Scorpius
1517 3175 1689 3262 exoriatur,

389 3323 395 3336 .,
405 3278 447 3346 25
465 3272 591 3350 occidat
612 3272 720 3337 Orion.
1208 3336 1210 3340 ,

549 3374 675 3441 XXVII
705 3371 1014 3441 SAGl'l'TAltIUS.
1037 3369 1155 3473 'Iluuc
1185 3372 1365 3456 courplures
1392 3373 1587 3442 Ocrrteurum
1618 3396 1688 3444 csse

464 3478 626 3566 dixerunt;
656 3478 711 3542 elii
734 3482 841 3542 autem
863 3477 923 3544 hae
954 3480 994 3544 de
1017 3492 1112 3548 eausa
1134 3480 1346 3559 negauerunt,
1376 3481 1462 3557 quod
1492 3496 1585 3544 nemo
1608 3477 1688 3544 Gen·

463 3583 576 3643 taurus
598 3575 725 3660 sagittis
747 3581 790 3645 sit
811 3600 887 3648 usus
905 3631 913 3647 .
931 3585 982 3650 hic
1002 3591 1111 3652 eutem
1123 3574 1302 3670 'quaeritur
1325 3602 1381 3649 eur
1399 3582 1522 3666 equinis
1540 3579 1687 3659 cruribus

531 3747 557 3800 D
575 3748 738 3804 euomuisse
756 3753 761 3818 Ι
783 3755 812 3808 11
827 3760 957 3822 partenon
975 3756 989 3824 ΙΙ
1001 3759 1033 3810 12
1045 3756 1180 3826 appolline
1202 3757 1208 3824 Ι
1231 3755 1358 3810 collocata
1375 3794 1382 3808 .
1400 3753 1450 3806 DE
1464 3749 1685 3818 suessionen

462 3837 494 3889 21
513 3834 632 3916 1111111111
647 3839 681 3890 24
697 3835 736 3890 ita
757 3839 876 3904 0111126
894 3840 968 3896 orion
985 3880 992 3896 .
1010 3840 1060 3895 DE
1078 3839 1294 3896 SAGI'ITARIO
1313 3841 1317 3910 l
1337 3843 1371 3896 28
1387 3837 1508 3909 queritur
1533 3853 1570 3906 qu
1596 3850 1637 3892 ur.
1654 3863 1687 3873 -

464 3917 488 3972 G
505 3923 522 3976 2
540 3921 707 3976 consecuisse
720 3922 726 3993 Ι
740 3930 803 3979 sunt
817 3924 854 3994 14
871 3928 980 3997 ossele
997 3942 1030 3982 eo
1047 3943 1131 3998 usque
1145 3929 1150 3998 Ι
1165 3932 1182 3984 G
1195 3927 1298 3983 uolasse
1312 3927 1318 3994 Ι
1332 3929 1349 3982 8
1362 3929 1443 3996 caput
1460 3939 1511 3979 om.
1526 3923 1562 3991 19
1581 3920 1688 3990 erigone

451 4002 554 4078 ¹soceri!
571 4003 603 4064 18
621 4021 679 4062 esse
695 4009 793 4080 11120
810 4011 926 4067 anImum
943 4029 994 4069 om.

533 4168 547 4218 1
565 4177 642 4218 usum
658 4163 683 4217 D
698 4163 722 4218 G
740 4165 811 4236 uulg.
830 4182 906 4223 usum
924 4184 981 4226 osae
996 4171 1001 4238 Ι
1015 4175 1032 4225 2
1045 4185 1116 4226 rens.
1127 4171 1152 4224 11
1165 4169 1272 4238 aliique,
1290 4169 1361 4236 uulg.
1375 4165 1543 4222 consecuisse
1558 4165 1563 4233 Ι
1578 4169 1595 4222 5
1609 4178 1686 4218 aene-

466 4263 511 4302 um
527 4255 578 4305 etc.
596 4249 629 4302 cl.
648 4250 695 4304 Ar.
713 4250 813 4307 Plraen.
834 4257 884 4310 129
898 4256 904 4323 l
918 4259 935 4312 9
953 4270 1012 4310 eam
1029 4256 1054 4310 D
1068 4256 1092 4311 G
1105 4256 1131 4310 H
1148 4257 1219 4324 uulg,
1237 4255 1318 4310 etium
1336 4256 1342 4323 l
1361 4267 1442 4323 supra
1458 4269 1485 4322 p.
1503 4254 1537 4307 36
1552 4255 1556 4319 Ι
1573 4255 1605 4307 18
1624 4251 1686 4319 cap.

462 4331 554 4388 XXVI
571 4334 618 4390 Ar.
637 4334 734 4392 Piraeo.
753 4340 787 4393 85
804 4353 874 4408 sqq.;
892 4337 992 4396 Gatast.
1010 4346 1027 4396 7
1052 4343 1058 4410 Ι
1083 4346 1114 4396 ll
1133 4342 1223 4410 unius,
1244 4353 1385 4410 perperam
1410 4353 1460 4393 om
1483 4337 1508 4390 D
1522 4336 1554 4390 G.
1589 4335 1686 4390 Glrelae

463 4416 566 4487 Scorpii
583 4417 693 4474 Irilrram
710 4419 819 4494 iaciunt,
838 4422 871 4479 el.
890 4423 964 4481 Seru.
983 4426 1030 4482 Ge.
1051 4425 1257 4497 l,·331uostri,
1278 4423 1312 4478 cl.
1329 4438 1411 4493 supra
1427 4439 1467 4493 cp.
1487 4428 1519 4479 17
1534 4425 1540 4492 Ι
1557 4424 1588 4478 15
1605 4420 1685 4489 uurlgo

462 4503 501 4559 sic
514 4503 691 4573 distinguunt:
710 4508 884 4580 existimatur,
898 4511 967 4581 quod
982 4514 986 4580 Ι
1004 4517 1036 4568 16
1049 4511 1284 4567 exercitatissimus
1298 4525 1363 4580 esse,
1377 4509 1400 4563 0
1416 4511 1421 4578 Ι
1438 4513 1470 4564 18
1486 4525 1524 4563 or.
1538 4508 1562 4563 D
1577 4506 1686 4576 G-uulg.

463 4588 616 4644 exoriantur
639 4593 645 4658 Ι
670 4596 702 4648 19
719 4601 827 4651 mensu.
845 4596 908 4650 DG
925 4597 998 4666 uulg.
1016 4597 1212 4653 demonstratur
1235 4600 1241 4665 l
1263 4601 1298 4652 20
1314 4595 1481 4650 ammimtum
1504 4594 1528 4648 G
1554 4593 1587 4650 el.
1605 4608 1687 4662 supra

463 4690 504 4745 ep.
523 4680 555 4731 17
571 4677 575 4743 Ι
591 4677 658 4734 conl.
672 4677 697 4730 I)
710 4678 769 4735 cell.
786 4680 829 4750 (11
844 4685 876 4739 21
895 4683 930 4740 al.
948 4684 973 4738 D
987 4685 1011 4738 G
1029 4685 1101 4754 uulg.
1115 4683 1149 4740 de
1162 4683 1253 4753 ulique
1266 4684 1272 4754 Ι
1286 4685 1320 4738 23
1337 4680 1371 4736 ab
1384 4680 1409 4735 D
1424 4680 1448 4735 G
1462 4679 1563 4749 uulgo
1576 4679 1582 4747 Ι
1597 4681 1630 4734 21
1644 4694 1687 4734 ex.

428 4783 431 4790 Δ
463 4760 489 4814 D
503 4760 527 4814 G
545 4761 616 4831 uurlg.
633 4763 735 4818 oriatur
750 4767 754 4833 Ι
769 4771 803 4822 28
820 4783 873 4825 oce.
891 4769 965 4824 orion
983 4770 1007 4822 D
1022 4769 1045 4824 G
1064 4770 1135 4840 uulg.
1153 4768 1234 4824 Orion
1251 4767 1374 4835 occidat!
1388 4769 1422 4822 28
1440 4766 1503 4834 Dap.
1520 4762 1624 4819 XXVll
1638 4764 1679 4816 Ar

463 4830 562 4899 Phaon.
580 4849 631 4902 808
648 4862 715 4918 sqq,
742 4848 839 4907 Gatast
858 4837 908 4922 28,
934 4853 1023 4909 Senot.
1041 4853 1128 4910 Germ.
1147 4857 1198 4910 286
1215 4853 1291 4922 susp!
1306 4855 1340 4906 28
1356 4865 1415 4919 cur,
1436 4848 1462 4902 D
1485 4848 1556 4903 uelle
1578 4795 1687 4917 uldoeri·

460 4915 547 4996 ‘quur’
566 4928 599 4982 de
616 4944 669 4999 qua
684 4931 770 4987 terme
787 4934 820 4987 cl.
838 4934 995 5007 Brambaelr,
1011 4936 1223 5005 Neugcstaltung
1239 4945 1290 4992 etc.
1307 4951 1333 5004 p.
1351 4937 1402 4990 225
1419 4948 1475 5002 sqq.
1592 4952 1597 4963 '

1695 4899 1708 4964 l
