4016 5914
910 632 1142 695 ..104-

416 795 509 876 rique
526 793 666 860 ceruices
683 810 703 858 a
720 793 844 874 reliquo
863 810 997 876 corpore
1015 794 1139 861 diuidit
1173 793 1355 877 Scorpionis
1374 799 1514 860 extrema
1533 797 1645 876 cauda,

418 896 504 979 quod
526 912 659 961 acumen
681 897 825 976 uocatur,
847 895 958 960 eodem
982 895 1100 962 circulo
1123 894 1333 978 coniungitur.
1364 895 1528 979 Sagittarii
1549 914 1643 962 arcus

419 997 532 1064 eodem
555 995 634 1064 orbe
655 994 853 1062 deformatur
875 1044 882 1058 .
906 995 1000 1062 huius
1022 997 1109 1063 orbis
1131 996 1214 1064 infra
1236 1003 1355 1065 terrum
1377 1003 1452 1063 sunt
1478 998 1517 1065 de
1542 999 1643 1080 parti-

417 1101 478 1165 bus
498 1098 576 1164 VIII
603 1101 712 1180 partes
733 1097 772 1178 V,
802 1114 901 1180 supra
931 1102 1051 1164 terram
1082 1103 1190 1164 autem
1211 1098 1260 1163 III
1282 1146 1289 1162 .
1311 1100 1419 1181 itaque
1447 1097 1484 1164 fit
1513 1100 1643 1166 breuior

374 1193 395 1260 Ι)
422 1201 490 1268 dies
511 1205 614 1283 nocte,
635 1203 769 1266 utente
791 1200 1089 1267 demonstrauimus.

501 1302 718 1383 V'Quurtum
741 1301 894 1368 circulum
920 1302 1086 1371 zodiacum
1118 1322 1188 1372 esse
1210 1304 1331 1372 Aratus
1362 1303 1572 1391 demonstrat,
1603 1305 1642 1372 de

417 1425 480 1491 quo
502 1413 577 1474 ante
600 1405 664 1473 iem
687 1405 823 1472 dinatus
846 1409 879 1472 et
899 1407 1061 1490 postenus
1083 1408 1224 1476 ditemus
1246 1456 1254 1473 .
1276 1409 1333 1475 sed
1355 1409 1473 1475 Aratus
1498 1426 1577 1490 non,
1606 1413 1644 1474 ut

415 1510 532 1593 reliqui
554 1507 717 1593 astrologi,
739 1509 779 1575 ab
797 1507 907 1576 Ariete
928 1509 991 1576 XII
1012 1510 1103 1594 signa
1125 1511 1333 1593 demonstrat,
1353 1510 1414 1577 hoc
1432 1515 1481 1577 est
1497 1529 1575 1577 aare
1597 1510 1643 1578 ia·

418 1612 564 1696 cipiente,
581 1613 638 1679 sod
660 1632 680 1678 a
703 1609 834 1695 Cancro,
855 1611 916 1678 hoc
938 1619 988 1678 est
1009 1612 1079 1696 ipsa
1101 1618 1225 1680 aestate
1247 1663 1254 1678 .
1276 1634 1335 1680 rios
1356 1620 1472 1695 autom,
1494 1613 1644 1696 quonium

358 1710 589 1781 aequarique
616 1713 797 1796 incipimus,
827 1713 873 1778 ita
894 1715 1041 1797 protinus
1072 1713 1242 1780 dicemus.
1265 1715 1298 1780 in
1324 1715 1385 1782 hoc
1412 1715 1496 1781 enim
1527 1715 1644 1780 circulo

416 1817 462 1880 sic
490 1814 553 1879 XII
583 1814 675 1896 signa
705 1812 893 1895 figurentur:
924 1813 1030 1896 Aries,
1060 1813 1199 1896 Taurus,
1230 1813 1368 1900 demin,
1398 1815 1432 1881 in
1462 1815 1512 1880 his
1542 1815 1645 1881 tribus

343 1911 357 1937 ⁸
415 1916 517 1998 signis
547 1933 606 1981 uer
628 1915 865 1981 demonstratur
896 1919 929 1982 et
951 1915 1185 1998 aequinoctium
1217 1934 1359 1982 uernum.
1404 1915 1540 2001 Cancer,
1569 1917 1645 2000 Leo,

415 2018 531 2104 Uirgo,
557 2019 590 2084 In
612 2017 662 2083 uls
684 2017 783 2100 signis
805 2018 940 2086 maxime
971 2024 1077 2086 aestas
1108 2017 1286 2102 conficitur,
1316 2020 1372 2087 sed
1404 2021 1452 2086 sol
1482 2021 1595 2105 incipit
1625 2041 1644 2087 a

416 2119 551 2202 Uirgine
572 2120 637 2186 iam
666 2120 805 2186 transtre
825 2122 868 2187 ad
898 2121 1134 2202 aequinoctium
1165 2123 1356 2188 autumnale
1401 2121 1530 2205 Chelae,
1551 2122 1645 2190 Scor·

362 2227 402 2292 16
420 2223 502 2304 pius,
524 2220 731 2304 Sagittarium
756 2221 788 2285 in
810 2220 860 2288 his
882 2222 985 2286 tribus
1007 2223 1106 2304 signis
1128 2227 1299 2288 autumnus
1322 2220 1458 2287 efficitur
1480 2227 1514 2288 et
1534 2222 1642 2304 aequi-

418 2321 560 2387 noctium
582 2321 767 2386 autumnale
788 2368 796 2384 .
818 2320 1041 2404 Gopncornus,
1061 2323 1235 2404 AquariuS,
1265 2322 1386 2411 Pisces,
1416 2324 1449 2387 in
1469 2321 1520 2386 his
1542 2323 1645 2388 tribus

417 2420 517 2502 sIgnIs
548 2421 596 2485 sol
626 2420 763 2485 hiemem
793 2421 972 2503 transigere
1004 2422 1242 2488 demonstratur
1264 2469 1272 2485 .
1295 2423 1356 2487 etsi
1385 2440 1449 2489 non
1480 2427 1555 2486 sunt
1581 2423 1645 2488 XII

418 2523 521 2605 signa,
552 2521 609 2588 sed
631 2520 678 2586 XI
699 2521 772 2586 ideo
795 2521 881 2603 quod
904 2521 1057 2606 Scorpius
1078 2523 1298 2606 magnitudme
1328 2522 1378 2588 sui
1400 2523 1545 2605 eorporis
1567 2523 1645 2588 duo·

416 2643 488 2691 rum
510 2623 616 2690 locum
639 2627 775 2708 occupat
797 2624 968 2707 signorum,
990 2643 1008 2691 e
1030 2625 1145 2709 quibus
1166 2626 1256 2710 prior
1277 2645 1352 2709 pars
1375 2623 1501 2708 Chelae,
1522 2627 1646 2709 reliqua

355 2736 398 2804 20
415 2732 523 2794 autem
545 2725 696 2812 Scorpius
718 2729 853 2792 uocetur
875 2776 882 2790 .
904 2727 1030 2811 priores
1054 2729 1138 2795 enim
1159 2729 1327 2812 astrologi,
1357 2747 1429 2795 oum
1460 2746 1570 2794 omnes
1591 2747 1643 2796 res

415 2831 457 2898 ed
480 2830 647 2896 duodecim
669 2833 779 2914 partes
800 2835 999 2913 renouarent,
1019 2835 1055 2897 ut
1076 2849 1200 2898 menses
1223 2838 1256 2898 et
1276 2831 1373 2900 horas
1392 2837 1424 2898 et
1441 2831 1644 2897 latitudinem

414 2935 591 3018 signorum,
612 2933 722 3016 itaque
745 2938 778 2998 et
799 2933 906 3018 signu,
937 2951 996 3017 per
1020 2952 1101 3017 quae
1127 2951 1179 3002 res
1201 2953 1311 3032 omnes
1333 2931 1560 3018 significantur,
1581 2932 1643 2999 XII

414 3038 587 3106 uoluerunt
608 3054 688 3104 csse.

498 3140 546 3208 VI
577 3139 639 3207 Sed
658 3139 809 3224 quonlam
826 3140 888 3206 VH
906 3141 1032 3207 circulis
1054 3141 1087 3206 in
1104 3141 1268 3225 prooemio
1291 3139 1474 3224 propositis,
1496 3142 1536 3205 de
1552 3145 1642 3222 quat-

354 3251 396 3318 25
416 3253 491 3312 tuor
513 3245 641 3310 circulis
664 3242 857 3308 mentionem
879 3240 1021 3326 fecimus,
1042 3262 1083 3308 ne
1104 3249 1227 3326 septem
1251 3261 1289 3308 ex
1312 3243 1422 3309 ordine
1446 3243 1643 3308 domonstra-

412 3349 468 3430 tIs,
498 3344 620 3428 aliquid
641 3363 661 3410 a
683 3344 775 3410 nobis
797 3345 963 3411 obscurius
986 3344 1105 3411 dictum
1128 3344 1290 3427 uideatur,
1320 3345 1377 3410 sed
1400 3345 1440 3410 de
1462 3343 1524 3410 VH
1545 3362 1642 3426 supe·

412 3452 486 3514 rant
507 3447 569 3528 III,
599 3446 749 3527 arcticos,
780 3448 973 3511 antarcticos
996 3450 1033 3530 et,
1055 3445 1109 3510 ille
1131 3445 1186 3526 qui
1207 3445 1329 3510 lacteus
1352 3450 1500 3509 uocatur:
1533 3445 1642 3524 itaque

416 3548 455 3612 de
477 3547 527 3612 his
550 3545 656 3612 dIcere
676 3544 873 3626 incipiemus.

498 3647 648 3714 Arcticou
679 3647 777 3730 igitur
808 3646 918 3713 orbem
942 3645 1078 3711 sustinet
1109 3649 1206 3727 capa
1228 3645 1384 3710 Draconis
1416 3663 1486 3710 cum
1517 3644 1642 3727 reliqua

355 3757 398 3821 30
415 3753 558 3836 corporis
580 3756 681 3835 parte.
725 3750 872 3833 Cepheus
894 3753 1002 3815 autem
1024 3751 1154 3831 pectore
1177 3766 1234 3812 suo
1258 3748 1410 3813 circulum
1432 3747 1566 3829 iungit.
1589 3763 1642 3811 eo·

416 3854 488 3920 dem
524 3854 602 3920 orbe
627 3848 783 3918 'nituntur
818 3856 851 3916 et
886 3852 984 3933 pedes
1018 3849 1148 3914 maioris
1184 3847 1304 3928 Ursae,
1338 3851 1506 3929 praeterea
1542 3847 1642 3912 sedile

482 4053 507 4106 n
526 4056 559 4110 ιι
576 4052 662 4108 maus
682 4066 733 4108 om.
748 4052 754 4120 ι
769 4052 803 4106 ιι
819 4032 991 4120 ponoenas
1006 4052 1040 4105 ιι
1057 4048 1203 4119 incipimus.
1221 4076 1255 4088 -
1273 4046 1298 4101 e
1314 4049 1331 4103 s
1345 4045 1458 4102 animos
1474 4050 1479 4115 ι
1493 4051 1510 4103 o
1527 4045 1555 4101 ιι
1577 4047 1638 4116 est

355 4157 356 4162 ι
416 4143 450 4194 ιι
467 4137 549 4208 ugos
565 4153 616 4196 om.
632 4139 637 4208 ι
651 4141 686 4194 ιο
702 4135 805 4208 sorpto
820 4135 825 4205 ι
840 4137 872 4192 ιι
891 4134 944 4189 rur
959 4134 964 4204 ι
980 4135 1014 4190 ιι
1030 4134 1102 4205 poro
1117 4135 1123 4206 l
1137 4131 1170 4188 ue
1189 4132 1243 4188 1111
1258 4133 1263 4203 l
1278 4136 1312 4188 ιι
1334 4133 1386 4189 vn
1402 4135 1406 4202 ι
1421 4135 1454 4189 ιι
1475 4131 1573 4188 aaaron
1587 4136 1592 4202 ι
1607 4135 1640 4188 ιι

416 4238 495 4278 ursae
512 4238 627 4280 moturus.

484 4397 501 4450 6
518 4393 582 4464 esp.
600 4393 625 4450 V
642 4392 690 4450 Ar.
708 4391 806 4448 Phaon
824 4393 876 4448 525
893 4405 949 4460 sqq.
968 4419 1001 4430 -
1019 4390 1051 4444 Iu
1068 4387 1092 4444 G
1109 4389 1126 4444 i.
1149 4405 1184 4444 m.
1202 4387 1320 4445 additur:
1345 4388 1386 4442 De
1404 4387 1511 4444 zodiaco
1526 4387 1562 4460 17
1579 4392 1640 4444 ante

416 4477 513 4536 iuml)
531 4478 603 4550 uulg.
620 4476 712 4549 auto!
735 4478 783 4534 Ar.
801 4475 901 4533 Phaon.
919 4476 969 4532 ulti
984 4478 990 4545 Ι
1006 4479 1037 4533 17
1055 4480 1136 4530 trous.
1154 4473 1179 4529 1)
1199 4475 1270 4544 uulg.
1288 4475 1417 4530 conticere
1440 4476 1445 4544 l
1469 4480 1496 4530 ot
1512 4474 1535 4530 si
1552 4473 1614 4529 ud
1634 4474 1643 4544 t

416 4565 492 4621 nullu
508 4565 533 4619 Ι)
551 4570 579 4619 et
595 4563 634 4620 sic
650 4561 733 4632 uulgo
751 4561 874 4618 scribunt
891 4603 898 4616 .
915 4557 1037 4630 praefero
1052 4548 1121 4614 ‘non'
1143 4558 1213 4628 quod
1231 4558 1256 4612 G
1273 4559 1366 4629 hubet;
1392 4559 1443 4614 etsi
1467 4558 1556 4614 nullus
1576 4572 1641 4612 non·

416 4663 551 4718 nunquam
567 4663 617 4718 pro
634 4663 688 4703 non
704 4653 819 4716 ponatur
833 4647 839 4714 1
854 4644 907 4698 XII
919 4644 995 4713 signa
1011 4643 1036 4698 D
1053 4643 1077 4698 G
1094 4643 1166 4712 uulg.
1184 4642 1259 4711 signa
1276 4643 1328 4697 XII
1348 4647 1353 4712 Ι
1374 4647 1406 4700 18
1423 4658 1508 4712 scorp.
1525 4641 1550 4695 Ι)
1568 4641 1642 4710 uulg.

417 4733 528 4803 Scorpio
553 4733 616 4790 lul.
637 4737 667 4788 et
691 4731 783 4788 suanm
808 4730 836 4785 in
862 4745 918 4800 sqq.
934 4731 989 4800 120
1004 4735 1053 4786 ost
1071 4729 1096 4784 D
1115 4729 1187 4798 uolg.
1204 4729 1372 4784 astronomici
1395 4731 1400 4798 Ι
1424 4733 1457 4785 24
1474 4733 1599 4798 quattuor
1615 4727 1640 4782 D

418 4819 492 4888 nula.
509 4825 623 4890 quatuor
636 4820 642 4889 Ι
656 4820 691 4874 26
708 4815 755 4882 sed
771 4814 860 4871 addidi
876 4830 911 4872 ex
928 4815 953 4870 D
973 4817 978 4884 Ι
996 4819 1031 4872 27
1048 4821 1113 4872 aret.
1132 4829 1156 4871 a
1174 4814 1199 4868 Ι)
1216 4813 1289 4882 uulg.
1306 4813 1430 4886 arcticus,
1455 4814 1616 4872 antaradum
1635 4814 1639 4885 Ι

417 4908 452 4962 29
469 4904 497 4959 in
515 4902 539 4957 G
555 4905 572 4960 i.
591 4919 625 4958 nn
642 4901 761 4958 additur:
779 4901 821 4956 De
837 4900 935 4958 arctico
951 4899 1024 4956 orbe.
