4020 5910
923 617 1113 682 ..g-

405 788 464 850 iam
494 757 672 864 Scaligerns¹
692 786 801 864 aliique
832 789 997 864 complures
1027 788 1178 868 dixerunt,
1208 795 1238 850 et
1267 807 1304 852 ne
1335 791 1398 852 sine
1424 792 1509 854 iustis
1537 797 1633 857 causis

402 893 528 956 aliorum
541 892 702 954 sententias
719 893 803 969 sequi
819 892 980 973 uideamur,
997 893 1145 972 nonnulla,
1162 910 1236 970 quae
1250 894 1289 956 ad
1305 893 1381 956 banc
1398 913 1461 958 rem
1476 899 1633 981 pertinent,

403 1013 600 1074 proponamus
620 1001 652 1057 et
672 996 838 1071 opinionem
859 997 947 1058 istam
961 996 1057 1078 nouis
1074 996 1247 1072 quibusdam
1268 1001 1446 1074 argumentis
1468 1002 1525 1061 niti
1546 1019 1633 1062 cona·

311 1165 312 1168 ,
335 1167 336 1174 ,
406 1100 502 1161 bimur
519 1141 527 1160 .
544 1104 612 1161 ante
634 1099 731 1160 omnia
748 1098 899 1162 sciendum
921 1103 966 1161 cst
982 1103 1132 1162 auctorem
1150 1101 1302 1176 utriusque
1323 1101 1417 1164 libelli
1435 1103 1465 1164 in
1482 1105 1631 1181 plerisque

404 1202 494 1262 rebus
523 1207 655 1262 secutum
683 1218 749 1262 esse
778 1203 939 1276 scriptores
963 1218 1100 1281 moos,
1129 1202 1302 1276 etquidem
1327 1206 1452 1278 optimos
1482 1209 1532 1266 uel
1562 1225 1632 1268 sanc

406 1319 466 1361 non
491 1302 696 1374 spernendos'.
713 1317 751 1361 ex
775 1300 876 1360 latinis
901 1302 933 1360 iu
957 1301 1171 1363 Astronomicis
1197 1310 1440 1364 commemoratur
1465 1305 1571 1367 cicero
1601 1303 1655 1366 in'

410 1400 543 1478 Arateis,
568 1405 599 1458 et
620 1404 724 1459 auctor
744 1397 1010 1473 Mytbolegicorum
1040 1419 1109 1462 usus
1130 1404 1196 1463 esse
1216 1405 1333 1464 uidetur
1354 1405 1464 1484 Ennio,
1485 1406 1634 1479 Lucretio,

406 1499 557 1561 ciceronis
577 1499 710 1578 Arateis,
734 1498 882 1579 Uergilio,
907 1500 1013 1560 Ouidio
1030 1544 1039 1561 .
1056 1518 1130 1577 quae
1152 1507 1249 1562 autem
1271 1520 1308 1563 ex
1332 1503 1501 1584 Fulgentio',
1527 1506 1631 1567 Seruio

333 1634 335 1638 ·
406 1602 530 1677 aliisque
547 1606 760 1679 preponuntur,
776 1601 843 1662 aliis
857 1591 1038 1676 temporibus
1054 1603 1184 1664 immissa
1201 1610 1449 1679 sunt.praeterea
1462 1608 1630 1682 inutraque

405 1703 483 1763 libro
497 1703 686 1777 reperiuntur
697 1704 790 1762 multa
802 1703 947 1763 uocabula
959 1705 1082 1782 rariora,
1096 1720 1217 1776 qnorum
1231 1705 1316 1778 plura
1328 1722 1366 1765 cx
1377 1724 1511 1768 sermono
1523 1725 1630 1781 graece

406 1802 533 1860 deducta
553 1807 622 1860 sunt
638 1841 647 1860 .
664 1802 708 1860 sic
728 1801 760 1859 iu
781 1800 876 1874 Mytln
898 1799 1022 1875 legimus
1043 1804 1245 1881 cataclysmus,
1265 1807 1406 1880 mnester,
1428 1805 1548 1878 sybctes
1570 1813 1626 1868 etc.

403 1899 450 1980 (cl.
471 1899 607 1975 Prolegg.
628 1915 694 1961 mea
714 1916 744 1976 p.
765 1898 826 1980 21),
847 1916 885 1961 ex
901 1899 1020 1963 Astron.
1037 1907 1135 1964 autem
1149 1903 1206 1962 buc
1223 1902 1330 1964 reterri
1346 1911 1482 1978 possunt:
1504 1909 1630 1986 aelurus,

405 2006 533 2080 arctous,
554 2001 756 2080 cataclysmus,
777 2005 909 2082 centron,
929 2003 1059 2086 plegius,
1070 2005 1211 2084 aqualis·
1226 2005 1446 2086 circumductio,
1462 2009 1629 2070 concubitis

308 2091 373 2196 ’,ζμ
402 2103 468 2184 (pro
499 2103 694 2184 concubitus),
720 2103 831 2166 erratio
861 2103 1058 2188 (procorus),
1087 2124 1119 2168 se
1149 2107 1360 2189 ingeniculans,
1389 2111 1630 2191 interscapilium,

406 2206 621 2288 siliquastrum,
646 2208 835 2271 succumbere
859 2205 907 2288 (de
932 2211 1058 2288 paelice,
1084 2208 1236 2284 cl.l1yth.
1258 2227 1303 2286 cp.
1331 2213 1415 2291 177),
1439 2211 1568 2294 trilari03
1593 2216 1629 2276 de

401 2311 508 2388 quibus
525 2311 659 2373 omnibus
676 2312 745 2374 uide
762 2311 891 2375 Iudicem
908 2317 1040 2374 nocuum
1053 2357 1060 2374 .
1073 2313 1163 2373 tertio
1187 2315 1253 2374 loco
1270 2320 1374 2376 auctor
1390 2315 1542 2390 utriusque
1559 2317 1629 2377 libri

405 2415 585 2477 Graecorum
606 2416 723 2478 dicendi
744 2432 836 2491 genus
857 2417 974 2492 saepius
1000 2417 1130 2478 imitatus
1152 2422 1198 2478 est
1214 2459 1223 2479 .
1239 2419 1383 2477 retinetur
1404 2418 1498 2480 foruna
1523 2436 1630 2495 graeca

402 2520 434 2580 iu
450 2519 625 2597 nominibus,
641 2522 675 2579 ut
691 2517 858 2597 Euandrus,
878 2519 982 2598 Istrus,
998 2519 1186 2597 Maeandrus,
1202 2517 1375 2599 Pisandrus,
1392 2521 1429 2579 de
1443 2537 1500 2594 qno
1512 2523 1629 2582 dicendi

402 2637 509 2695 genere
535 2621 622 2696 plura
643 2621 777 2694 exempla
798 2619 885 2681 affert
905 2621 997 2700 Neue,
1026 2620 1092 2682 Lat
1112 2620 1336 2701 Formenlehre,
1366 2620 1513 2696 stuttgart
1537 2625 1628 2700 1866,

406 2723 465 2784 not
487 2722 511 2804 1,
532 2741 560 2798 p.
583 2723 624 2788 75
646 2740 710 2799 sqq.
735 2723 860 2800 denique
886 2729 1009 2800 uterquc
1040 2723 1157 2785 libellus
1187 2724 1317 2785 continet
1339 2725 1426 2785 edum
1447 2726 1540 2786 multo
1560 2727 1628 2804 alia,

378 2823 380 2832 ’
405 2843 479 2904 quac
501 2826 579 2904 apud
601 2827 676 2888 alios
697 2828 858 2904 scriptores
879 2843 948 2891 raro
969 2829 1167 2907 inueniuntur,
1187 2828 1286 2904 qualia
1311 2833 1379 2889 sunt
1395 2828 1524 2909 ellipscs‚
1544 2831 1627 2905 plce-

401 2931 511 3008 nasmi,
540 2930 601 2989 alia
620 2930 763 2990 eiusmodi
785 2973 793 2990 .
815 2931 928 3005 ellipsis
949 2931 1129 3006 pronominis
1158 2931 1189 2989 iu
1219 2931 1436 2990 constructione
1466 2933 1628 2993 accusatiui

400 3047 467 3090 cum
487 3027 633 3092 infinitiuo
656 3036 702 3092 est
722 3033 754 3091 iu
774 3031 855 3092 datr.
877 3035 906 3104 2,
931 3035 971 3092 33
994 3047 1060 3091 cum
1081 3032 1124 3091 sic
1144 3033 1189 3091 ait
1206 3021 1359 3091 ‘Nonnulli
1380 3032 1517 3092 dixerunt
1543 3033 1625 3092 asino

401 3131 456 3210 illi,
477 3147 535 3206 qno
556 3130 648 3192 fuerit
668 3137 781 3210 uectus,
800 3147 903 3192 uocem
924 3132 1078 3192 humanam
1099 3123 1224 3192 dedissc’
1248 3133 1318 3192 item
1340 3131 1391 3192 lib.
1408 3137 1427 3194 2
1445 3150 1492 3208 cp.
1509 3137 1550 3195 42
1573 3150 1626 3206 cp-

399 3227 464 3292 timi
486 3232 603 3294 codices
632 3233 706 3293 baec
727 3233 838 3294 habent
855 3225 991 3309 ‘cumque
1020 3234 1203 3310 supprimere
1224 3225 1377 3306 cogitaret’
1400 3277 1409 3294 .
1430 3234 1537 3295 similia
1558 3241 1625 3294 suut

398 3334 451 3396 lib.
473 3338 492 3396 2
515 3352 561 3409 cp.
583 3338 624 3398 22
646 3351 714 3394 narn
736 3352 835 3414 equos,
857 3335 963 3410 quibus
984 3339 1120 3414 utuntur,
1144 3326 1273 3395 donanit'
1296 3377 1305 3396 .
1326 3333 1421 3414 simile
1443 3341 1489 3396 cst
1510 3337 1625 3396 dicendi

398 3453 491 3511 genus
503 3435 572 3495 Iulii
584 3434 694 3511 Hygini
716 3437 748 3497 in
769 3435 872 3510 fragm.
893 3436 972 3512 apud
988 3435 1120 3501 ,Gellium
1141 3435 1178 3496 ri.
1199 3437 1235 3496 A.
1259 3439 1309 3514 16,
1330 3439 1360 3516 6,
1382 3439 1422 3498 15
1445 3441 1476 3496 et
1497 3434 1625 3496 Cornelii

398 3537 524 3612 Nepotis
545 3539 576 3597 in
589 3536 742 3613 Lyssndro
763 3545 842 3612 cp.1
864 3536 1068 3616 (Athenienses
1090 3581 1100 3598 .
1120 3581 1129 3598 .
1150 3579 1159 3598 .
1180 3536 1342 3599 coniecisse
1359 3539 1493 3617 apparet)
1515 3582 1523 3599 .
1543 3541 1625 3612 pleo-

398 3655 516 3698 nasmus
546 3644 605 3716 est,
636 3639 662 3698 si
683 3638 756 3698 dicit
776 3643 881 3699 auctor
902 3638 982 3698 Astr.
1005 3642 1035 3717 2,
1058 3641 1097 3700 16
1117 3628 1168 3698 ‘ab
1190 3654 1226 3698 ea
1247 3638 1364 3712 sagittis
1388 3635 1440 3712 ligi
1464 3631 1571 3713 coepit’
1595 3643 1625 3698 et

400 3741 432 3802 iu
453 3740 556 3802 eodem
586 3739 664 3801 libro
694 3756 741 3814 cp.
763 3743 803 3803 17
826 3755 908 3802 suam
930 3740 1029 3816 coepit
1058 3738 1171 3802 deflere
1200 3745 1324 3801 mortem
1345 3782 1355 3802 .
1375 3754 1497 3816 prorsus
1518 3741 1625 3802 similia

399 3847 496 3906 autem
521 3844 553 3904 iu
574 3841 668 3919 lirun
690 3847 771 3927 sunt3
801 3845 845 3910 sic
866 3861 911 3920 cp.
933 3847 974 3908 41
1006 3843 1130 3920 legium
1160 3843 1233 3905 baec
1251 3833 1424 3918 ‘uectigales
1444 3842 1540 3905 Minoi
1561 3861 1625 3904 esse

399 3939 568 4023 coepernut’
592 3994 599 4008 .
621 3947 724 4009 ecdem
745 3947 862 4010 dicendi
883 3963 990 4023 genere
1012 3948 1129 4022 saepius
1151 3952 1272 4009 utuntur
1292 3947 1444 4010 Phaedrus
1471 3953 1501 4009 et
1521 3947 1625 4008 Petro·
1651 3970 1652 3974 ¹

399 4051 465 4110 nius
482 4094 490 4110 .
507 4065 712 4126 nonnunquam
728 4051 911 4128 praepositio
928 4048 1123 4128 desideratur,
1143 4053 1177 4109 ut
1193 4049 1224 4110 in
1240 4051 1400 4130 prooemio,
1420 4050 1471 4111 ubi
1490 4051 1563 4111 baec
1584 4052 1626 4110 le·

397 4153 493 4226 gimus
511 4143 600 4228 ‘quae
621 4151 737 4213 iscium
759 4153 849 4212 etiam
878 4151 998 4226 scriptis
1020 4151 1079 4212 tuis
1109 4152 1238 4227 perspici
1258 4144 1365 4227 potest'
1387 4195 1398 4216 .
1418 4152 1471 4212 sed
1492 4169 1546 4212 nec
1567 4153 1626 4212 elia

398 4251 455 4312 boc
473 4253 540 4313 loco
557 4253 719 4314 omittenda
736 4253 874 4313 uidentur
895 4294 903 4313 .
922 4242 1056 4327 ‘assiduo
1068 4245 1180 4313 uenari’
1203 4253 1275 4314 dicit
1297 4257 1402 4315 auctor
1423 4253 1502 4314 Astr.
1525 4257 1626 4332 2,11;

397 4353 517 4414 assidm
538 4355 657 4414 censue
678 4359 725 4416 est
743 4355 775 4414 iu
791 4352 886 4428 myth.
903 4363 949 4428 cp.
965 4355 1040 4432 1813
1062 4351 1120 4414 dne
1136 4351 1212 4432 (cum
1228 4352 1370 4434 genitiuo)
1390 4358 1437 4414 cst
1452 4354 1483 4412 iu
1497 4353 1578 4414 Astr.
1596 4355 1625 4431 3,

400 4458 439 4517 12
462 4461 494 4516 et
514 4455 596 4536 alibi,
617 4456 699 4517 etin
716 4453 811 4530 myth.
828 4472 874 4530 cp.
892 4457 933 4516 82
950 4453 1040 4516 medii
1061 4451 1119 4516 lino
1139 4454 1273 4530 corporis
1294 4453 1347 4532 (ita
1363 4456 1440 4516 enim
1461 4460 1508 4516 cst
1527 4456 1624 4529 legen·

398 4556 467 4617 dum
489 4571 526 4618 ox
546 4557 613 4618 ceni
634 4601 644 4618 .
664 4554 790 4636 Heiusii)
810 4599 818 4620 .
840 4557 965 4632 denique
985 4572 1040 4617 nec
1061 4557 1339 4631 praetermittendus
1369 4562 1415 4618 eat
1444 4575 1514 4618 usus
1539 4573 1624 4632 prae·

397 4659 575 4733 positionum
596 4703 605 4720 .
626 4659 669 4720 sic
691 4659 809 4732 saepius
831 4657 869 4718 ad
890 4658 1011 4732 ponitur
1031 4673 1086 4731 pro
1107 4658 1200 4738 apud,
1220 4663 1254 4718 ιι
1276 4661 1306 4736 2,
1331 4661 1370 4720 18
1389 4647 1438 4717 ‘ne
1460 4674 1492 4718 se
1514 4658 1553 4718 ad
1570 4645 1623 4718 'rc-

396 4774 463 4832 gem
483 4749 696 4819 criminaretur?
720 4759 790 4818 item
808 4761 837 4836 2,
852 4760 894 4820 20
912 4748 1075 4818 ‘criminari
1092 4774 1159 4822 eum
1174 4757 1213 4818 ad
1226 4755 1352 4818 (lretbca
1368 4749 1508 4832 coepissc³
1528 4799 1536 4816 .
1553 4773 1625 4816 non-

395 4875 543 4936 nunquam
563 4859 601 4922 de
622 4859 742 4936 ponitur
762 4875 818 4934 pro
839 4874 858 4920 a
880 4859 928 4920 nel
949 4874 995 4938 ex,
1016 4863 1050 4920 ιι
1070 4857 1152 4920 Asu.
1174 4862 1203 4937 2,
1225 4861 1244 4920 7
1267 4857 1346 4920 mota
1367 4859 1403 4920 de
1424 4859 1581 4920 testudine.
1680 4863 1684 4884 ¹
