4020 5910
824 733 1036 800 ..49-

320 913 416 982 tiliam
447 905 609 990 dixerunt,
639 903 748 975 miultis
779 901 925 972 candore¹
948 901 1092 989 corporis
1123 905 1357 989 praestantem,
1391 902 1442 973 cui
1473 921 1551 973 con-¹

325 1018 443 1085 mamus
474 1009 721 1099 pulchritudiuis
751 1008 914 1076 borribilis
940 1012 1091 1091 aspectus
1112 1007 1286 1076 exsistebat
1307 1055 1315 1072 .
1337 1026 1400 1091 quo
1422 1007 1552 1076 Titanes

320 1116 485 1203 perterriti
514 1113 679 1198 petierunt
708 1129 730 1177 a
758 1110 873 1192 Terra,
908 1115 946 1176 ut
975 1109 1044 1175 eius
1075 1125 1192 1192 corpus
1222 1108 1423 1192 obscuraret,
1456 1111 1553 1192 quam

322 1219 423 1286 Terra
444 1233 540 1300 specu
563 1212 703 1297 quodum
725 1210 846 1278 celasse
869 1209 986 1277 dicitur
1008 1209 1041 1275 in
1064 1209 1169 1276 insula
1186 1209 1283 1278 Creta
1305 1256 1312 1273 .
1335 1228 1418 1294 quae
1439 1209 1554 1294 postca

322 1319 410 1386 Iouis
429 1317 528 1384 fuisse
558 1313 679 1396 nutrix,
710 1317 746 1380 nt
767 1317 843 1380 oute
875 1309 1090 1393 ostendimus,
1111 1312 1351 1379 demonstratur
1371 1358 1380 1377 .
1402 1311 1460 1380 sed
1482 1317 1592 1383 cumb

324 1419 469 1503 luppiter
490 1416 593 1483 fidens
615 1412 845 1496 adolescentia,
867 1411 988 1479 bellum
1011 1419 1123 1480 contra
1140 1413 1272 1480 Titanas
1293 1418 1481 1496 appararet,
1502 1429 1553 1479 re·

324 1538 476 1606 sponsum
499 1522 549 1585 est
570 1517 613 1601 ci,
644 1515 671 1582 si
692 1515 821 1582 uincere
843 1505 957 1599 uellet,
986 1521 1024 1583 ut
1045 1513 1139 1603 αἰγὸς
1160 1516 1244 1600 pelle
1265 1521 1369 1584 tectus
1396 1521 1430 1582 et
1450 1513 1557 1599 capite

326 1623 495 1707 Gorgonis,
510 1620 630 1688 bellum
652 1617 901 1699 administraret,
918 1637 1014 1700 quam
1032 1619 1146 1702 aegida
1160 1619 1274 1686 Graeci
1291 1619 1558 1703 appellauerunt.

324 1729 433 1810 itaque
452 1724 537 1792 lacto
556 1742 605 1804 eo,
627 1740 690 1805 qno
708 1739 807 1804 snpra
825 1719 1070 1804 declarauimns,
1090 1719 1235 1804 Iuppiter
1252 1720 1383 1787 Titanas
1401 1737 1557 1805 superaus

326 1847 461 1913 regnum
484 1832 535 1892 est
555 1826 708 1907 adeptus,
730 1821 910 1904 etreliqua
932 1817 1122 1906 ossaalydg
1144 1823 1276 1904 caprina
1295 1823 1380 1905 pelle
1403 1825 1558 1904 contecto,
1577 1832 1618 1896 10

325 1929 431 1995 anima
467 1925 600 1992 donauit
635 1927 668 1989 et
702 1918 804 1988 stellis
839 1920 1010 2004 figuratam
1041 1923 1214 1989 memoriae
1247 1923 1494 2005 commendauit3
1525 1927 1559 1987 et

325 2033 449 2113 postea,
471 2026 586 2108 quibus
607 2023 678 2106 ipse
699 2021 823 2088 uicerat
843 2024 957 2104 tectus,
978 2024 1144 2090 Mineruae
1166 2023 1330 2090 concessit
1359 2022 1559 2089 Euhemerus

326 2132 374 2197 ait
390 2131 479 2211 Aega
502 2125 661 2210 quandam
684 2123 782 2190 inisse
800 2123 904 2190 Panos
921 2143 1067 2208 uxorem3
1089 2142 1159 2190 eam
1181 2122 1222 2190 ab
1244 2124 1323 2191 Ioue
1345 2134 1560 2207 compressam
1612 2123 1614 2130 '

328 2230 503 2315 peperisse,
525 2246 619 2312 quem
638 2227 700 2292 uiri
718 2225 768 2292 sui
786 2225 891 2291 Panos
910 2225 1030 2293 diceret
1051 2224 1163 2308 filium3
1184 2227 1293 2308 itaque
1310 2244 1445 2310 puerum
1463 2225 1559 2309 Aegi-

330 2352 423 2418 pana,
444 2333 555 2397 Iouem
578 2334 686 2396 autern
699 2329 895 2411 Aegiochum
917 2329 1113 2412 appellatum
1131 2375 1139 2392 .
1157 2329 1221 2411 qui,
1246 2329 1332 2412 quod
1355 2348 1427 2395 eum
1450 2328 1561 2411 dilige·
1580 2336 1621 2404 15

331 2436 389 2501 bat
410 2432 598 2516 plurimum,
624 2431 708 2498 inter
737 2435 825 2496 astra
853 2449 970 2514 caprae
991 2429 1126 2513 liguram
1152 2429 1325 2496 memoriae
1347 2447 1444 2496 causa
1466 2429 1563 2496 colla·

332 2534 427 2601 cauit.

415 2635 490 2701 xlv
522 2632 782 2717 OPHIUCHUS,
805 2633 860 2717 qui
884 2633 971 2717 apud
992 2637 1121 2698 nostros
1143 2631 1318 2715 scriptores
1340 2631 1563 2716 Anguitenens

331 2742 380 2805 est
402 2738 516 2818 dictus,
538 2753 637 2818 supra
654 2733 861 2817 Scorpionem
885 2734 1101 2816 constituitur,
1122 2737 1235 2800 terrens
1256 2733 1404 2800 manibus
1426 2751 1563 2818 anguem

330 2838 470 2906 medium
501 2852 620 2918 eorpus
651 2835 719 2902 cius
751 2835 967 2920 implicantem
994 2882 1001 2899 .
1028 2836 1112 2901 huuc
1147 2836 1327 2920 complures
1357 2836 1562 2905 Carnabonta
1580 2846 1623 2912 20

330 2941 457 3008 tramine
479 2939 628 3004 ‹lixerunt
650 2938 815 3021 Getarrrm,
837 2938 891 3021 qui
914 2944 990 3006 sunt
1011 2939 1044 3005 irr
1067 2937 1214 3022 'l'lrraeia
1234 2957 1343 3024 regem
1365 2924 1476 3024 luisse}
1507 2941 1562 3024 qui

332 3044 445 3109 eodem
474 3046 618 3124 tempore
640 3058 747 3105 rerum
781 3044 831 3106 est
851 3039 988 3123 potitus,
1018 3059 1081 3123 quo
1113 3039 1252 3122 primum
1281 3042 1404 3107 semina
1433 3042 1570 3124 frugum,

331 3143 520 3210 mortalibus
542 3141 663 3206 tradita
685 3159 756 3207 esse
778 3140 1009 3207 existimantur.
1053 3141 1150 3207 (leros
1177 3141 1260 3207 enim
1288 3160 1360 3209 cum
1386 3161 1445 3208 sna
1466 3143 1562 3208 bene·

333 3242 405 3310 licia
425 3242 599 3326 largiretur
620 3241 815 3323 hominibus,
841 3241 1089 3325 Triptolemum,
1115 3239 1205 3308 euius
1227 3241 1297 3325 ipsa
1318 3242 1425 3310 furerat
1446 3241 1563 3327 nutrix,

335 3349 366 3414 irr
389 3365 484 3414 curru
508 3345 682 3412 draconum
706 3344 896 3412 collocatum
918 3345 983 3429 (qui
1006 3345 1128 3429 primus
1147 3345 1286 3412 omniurn
1309 3365 1372 3413 una
1393 3351 1467 3414 rota
1489 3346 1565 3415 dici·
1581 3351 1624 3419 25

403 3550 428 3606 D
455 3555 472 3606 4
490 3549 606 3604 11111111
625 3551 630 3616 Ι
651 3553 683 3606 lt
700 3564 750 3618 ega
768 3551 773 3616 Ι
792 3553 826 3604 22
844 3564 861 3604 a
881 3564 941 3619 quo.
961 3579 993 3589 -
1012 3549 1037 3604 G
1065 3554 1083 3606 1
1100 3548 1292 3621 pulchritudini
1312 3552 1317 3619 Ι
1335 3555 1352 3607 9
1369 3565 1466 3620 eorpus
1483 3549 1539 3606 eius
1559 3554 1564 3619 Ι

335 3641 352 3692 l
371 3635 484 3705 quodam
501 3649 582 3704 specu
600 3633 698 3688 dicitur
722 3633 872 3702 1111111115
890 3632 1003 3688 diximus
1017 3634 1054 3702 19
1073 3631 1164 3703 quedl
1180 3637 1212 3690 ltl
1230 3648 1306 3703 egam
1321 3637 1326 3702 Ι
1342 3638 1375 3692 15
1391 3635 1538 3706 apellatum
1558 3637 1563 3706 1

338 3725 370 3777 19
387 3735 467 3790 super
481 3721 487 3788 1
501 3723 536 3775 1ο
552 3719 609 3774 eius
631 3733 682 3774 om.
698 3711 957 3789 implicamentis
976 3733 1037 3773 oum
1054 3733 1127 3773 ceres
1144 3717 1223 3773 enim.
1238 3719 1310 3775 -N
1328 3719 1541 3778 dadnlesceutia
1560 3723 1564 3790 l

335 3805 464 3874 Diupitcr
479 3806 484 3872 Ι
501 3807 533 3860 14
546 3819 657 3873 puerum
675 3819 727 3859 om.
741 3805 747 3873 Ι
764 3801 896 3861 19111111
913 3805 1115 3873 1111101111
1132 3802 1223 3876 plures
1237 3806 1242 3874 Ι
1257 3808 1292 3860 24
1305 3805 1396 3860 nnmix
1414 3805 1510 3863 iuerat

408 3981 425 4032 1
441 3974 530 4046 pulch.
547 3973 611 4029 DN
628 3973 702 4044 uulg.
719 3973 909 4045 pulchritudini
924 3975 930 4044 Ι
944 3973 1075 4030 existebat
1091 3967 1117 4030 1)
1131 3973 1155 4031 (l
1167 3975 1193 4031 N
1207 3976 1213 4045 Ι
1227 3978 1244 4032 l
1262 3980 1334 4032 crete
1352 3975 1385 4033 U.
1403 3977 1502 4033 Creten
1523 3987 1565 4034 re·

339 4061 414 4118 stitui
430 4075 471 4131 ap.
486 4061 554 4132 Hpg.
569 4060 654 4130 Mytlr.
669 4076 709 4130 ep.
725 4063 774 4117 189
788 4060 794 4128 Ι
810 4065 826 4116 7
843 4075 906 4129 egos
922 4060 948 4115 D
962 4060 986 4116 G
998 4060 1023 4116 N
1039 4063 1044 4130 1
1059 4065 1076 4117 8
1092 4060 1171 4131 egida
1183 4061 1209 4116 D
1224 4062 1248 4116 G
1261 4061 1286 4116 N
1305 4063 1310 4131 Ι
1329 4065 1346 4120 9
1364 4079 1417 4133 quo
1431 4063 1482 4120 DN
1494 4064 1567 4132 uulg.

339 4147 409 4217 qaod
426 4189 433 4202 .
452 4151 493 4201 est
518 4144 642 4201 attractio
664 4159 698 4200 ex
719 4160 793 4201 mure
814 4146 987 4217 Graecorum,
1013 4145 1048 4202 ci.
1066 4145 1181 4216 Berger,
1197 4146 1258 4203 Lat.
1277 4147 1393 4204 ornum.
1412 4147 1437 4219 §-
1454 4147 1542 4218 asab
1562 4149 1566 4218 Ι

341 4239 373 4289 10
391 4247 470 4301 aegos
486 4230 551 4286 DN
569 4245 631 4300 egos
645 4228 669 4286 (l
683 4231 688 4300 Ι
705 4234 737 4287 11
751 4229 811 4285 Scir.
825 4230 893 4286 conl.
914 4235 975 4301 post
988 4223 1027 4286 ea’
1044 4231 1049 4298 Ι
1066 4234 1097 4287 19
1110 4245 1178 4302 aega
1190 4229 1215 4287 N
1229 4231 1301 4302 unlg.
1311 4232 1413 4302 Aegeu
1429 4235 1434 4300 Ι
1450 4238 1483 4290 lt
1492 4226 1569 4304 ‘pue-

340 4312 406 4372 rum’
426 4314 623 4372 1111111111111
648 4318 708 4383 1111
723 4330 826 4386 egypau
844 4315 870 4369 Ι)
887 4315 999 4385 aegipuu
1016 4312 1041 4370 N
1056 4316 1061 4384 Ι
1078 4319 1110 4372 15
1127 4331 1188 4387 app.
1206 4315 1269 4373 DN
1287 4317 1360 4387 uulg.
1377 4318 1476 4374 dictum
1491 4324 1497 4384 Ι
1510 4332 1570 4374 eam

342 4404 365 4456 (1
379 4401 404 4457 N
420 4403 425 4469 Ι
442 4403 475 4456 16
491 4399 535 4470 tlg.
553 4399 579 4454 D
593 4401 616 4455 (1
631 4399 656 4455 Ν
680 4399 752 4470 nulg.
770 4399 857 4470 tigura
871 4402 876 4469 Ι
893 4403 925 4458 18
945 4399 1129 4470 Anguitenens
1154 4409 1197 4458 111
1216 4403 1309 4458 Manil.
1328 4407 1352 4473 5,
1371 4409 1430 4475 990,
1456 4404 1570 4476 Serpen-

341 4485 425 4540 tarins
442 4485 531 4541 Schol.
549 4484 638 4539 Germ.
654 4487 659 4552 Ι
676 4489 708 4541 19
725 4491 766 4542 est
790 4484 876 4541 dictus
893 4485 956 4539 DG
973 4485 1045 4554 uulg.
1063 4485 1150 4542 dimus
1170 4492 1212 4542 est
1226 4490 1231 4555 Ι
1245 4487 1415 4543 constituitur
1431 4487 1457 4542 D
1475 4488 1572 4545 consti·

341 4575 416 4626 tutus
434 4569 458 4624 G
470 4568 497 4625 N
515 4575 596 4651 atque
613 4570 651 4626 sic
667 4569 750 4638 uulgo
767 4569 886 4626 scribunt
901 4573 905 4638 Ι
920 4575 955 4628 10
968 4569 1038 4626 hunc
1054 4576 1104 4626 ete.
1123 4571 1189 4628 baec
1202 4577 1231 4627 et
1243 4587 1312 4642 quae
1324 4580 1470 4644 sequuntur
1487 4589 1571 4645 usqne

342 4654 376 4709 ad
401 4654 448 4710 ille
460 4646 620 4726 ‘Polyzelus'
640 4649 737 4711 antem’
762 4654 790 4710 in
807 4655 832 4712 U
850 4655 975 4725 leguntur
1000 4670 1041 4725 cp.
1061 4659 1094 4713 15
1111 4663 1172 4726 post
1197 4657 1281 4713 uerba
1296 4645 1455 4729 ‘complures
1471 4673 1489 4714 a
1505 4658 1572 4715 Uul·

341 4753 407 4795 cauo
425 4734 530 4794 lactam'
546 4741 552 4807 Ι
566 4739 594 4794 iu
606 4738 632 4792 D
650 4739 839 4795 Damhaboutu
855 4746 986 4795 mutatum
1003 4737 1110 4794 uidetur
1125 4740 1154 4794 iu
1168 4733 1315 4797 ‘carbonata'
1331 4746 1335 4810 Ι
1350 4748 1383 4800 21
1397 4743 1503 4798 nomine
1517 4741 1569 4797 dix.

340 4823 367 4875 D
381 4822 405 4876 G
418 4821 443 4876 N
462 4822 534 4890 uulg.
553 4821 607 4876 dix.
624 4823 730 4877 nomine
744 4825 750 4892 Ι
765 4823 894 4877 (letarum
911 4829 961 4876 111.
979 4821 1005 4876 D
1019 4823 1043 4876 G
1057 4821 1083 4876 N
1101 4823 1174 4890 uulg.
1194 4824 1320 4879 Getarum
1338 4840 1428 4893 regem
1445 4824 1491 4894 qul
1508 4829 1572 4878 suut

341 4907 370 4959 in
383 4903 470 4974 Mysia
487 4905 594 4972 regione
610 4904 692 4959 luisse
707 4907 712 4973 Ι
727 4910 762 4961 22
774 4921 863 4960 rerum
881 4904 906 4958 D
921 4901 984 4958 GN
1002 4903 1074 4972 uulg.
1088 4919 1171 4973 reguo
1185 4909 1190 4974 Ι
1206 4909 1239 4962 25
1252 4908 1366 4962 omnium
1385 4908 1410 4961 D
1424 4909 1448 4962 G
1462 4909 1483 4960 N
1497 4905 1570 4975 uulg.

344 4989 487 5044 hominnm.

398 5083 494 5134 Dunto,
508 5082 588 5136 llyglrri
599 5083 753 5126 astronomica.
1351 5079 1367 5131 4
