4016 5914
966 675 1177 782 ...89-

449 844 617 918 ,trsditum
641 848 691 908 est
712 841 855 908 historiis
878 889 885 904 .
907 840 960 905 hic
981 843 1089 904 eutem
1112 840 1251 905 omnium
1274 840 1413 906 siderum
1439 841 1595 906 maximus
1618 859 1689 906 esse

463 945 592 1030 uidetur
614 993 621 1009 .
644 942 788 1011 nonnulli
810 943 894 1008 hunc
916 940 1062 1008 Aurorae
1094 945 1128 1008 et
1150 939 1279 1025 Cephali
1304 940 1410 1007 iillum·
1425 942 1587 1023 dixerunt,
1617 943 1688 1027 pul·

463 1046 642 1114 claritudine
664 1048 782 1114 multos
805 1049 1023 1130 praestantem
1046 1093 1052 1110 .
1076 1063 1114 1110 ex
1136 1063 1201 1129 quo
1222 1064 1258 1111 re
1280 1045 1375 1112 etlam
1398 1065 1469 1112 eum
1492 1046 1618 1113 Uenere
1641 1048 1687 1112 di-

462 1151 545 1217 eitur
567 1155 720 1232 certasse,
742 1155 779 1215 ut
800 1149 897 1215 etiam
920 1147 1149 1215 Eratosthenes
1171 1148 1248 1214 dicit
1270 1167 1341 1216 eum
1363 1149 1423 1215 lree
1446 1152 1485 1217 de
1508 1169 1604 1216 ceusu
1622 1149 1685 1215 Ue-

327 1316 329 1320 .
423 1253 547 1318 oneris
569 1252 740 1335 appellari,
773 1256 806 1316 et
836 1251 997 1316 exoriente
1028 1250 1095 1314 sole
1127 1255 1160 1316 et
1181 1251 1344 1316 occidente
1366 1251 1469 1316 uideri
1491 1299 1499 1313 .
1521 1271 1630 1334 quare,
1652 1259 1689 1316 ut

461 1360 536 1422 ante
564 1354 714 1435 diximus,
744 1352 814 1418 iura
844 1351 928 1418 lrurrc
956 1357 988 1418 et
1008 1348 1190 1418 Luciferum
1222 1356 1254 1418 et
1277 1352 1456 1436 Hespemm
1482 1353 1688 1420 nominatum.

403 1525 406 1528 .
547 1457 665 1537 Quinta
687 1456 780 1524 stella
803 1462 851 1522 est
870 1455 1030 1537 Mercurii,
1051 1456 1177 1520 nomine
1200 1455 1322 1522 Stilbon
1340 1502 1349 1521 .
1367 1457 1424 1522 sed
1446 1457 1524 1522 llaec
1546 1463 1596 1522 est
1616 1456 1687 1522 bre-

462 1560 512 1627 uis
535 1566 568 1626 et
590 1561 677 1626 clere
700 1607 707 1622 .
730 1560 809 1625 haee
831 1564 938 1626 autem
956 1551 1114 1624 Mercurio
1134 1559 1210 1625 dete
1227 1558 1436 1640 existimatur,
1458 1559 1542 1643 quod
1566 1559 1687 1641 primus

462 1681 586 1731 menses
608 1662 834 1728 iustitucritet
851 1659 1028 1745 peruiderit
1049 1659 1189 1726 siderum
1208 1677 1327 1726 enrsns.
1363 1659 1562 1727 Euhemerus
1580 1667 1686 1727 arrtem

404 1769 446 1834 10
462 1765 621 1831 Uenerem
643 1765 781 1847 primam
803 1764 850 1828 ait
867 1763 974 1828 sidera
991 1760 1193 1828 constituisse
1212 1768 1244 1826 et
1261 1762 1421 1828 Mercurio
1444 1763 1687 1828 demonstrasse.

548 1865 664 1929 XLIII
691 1865 864 1928 Praeterea
882 1863 1061 1927 ostenditur
1079 1861 1214 1925 circulus
1233 1861 1361 1941 quidem
1379 1863 1412 1926 in
1430 1862 1599 1944 sideribus,
1616 1881 1688 1927 can·

463 1964 538 2029 dido
562 1965 681 2044 colore,
712 1981 806 2044 quem
837 1963 974 2027 lacteum
997 1979 1067 2026 esse
1088 1961 1232 2025 nonnulli
1260 1960 1415 2024 dixerunt.
1438 1963 1688 2048 ,Eratosthenes

464 2064 547 2131 enim
571 2064 649 2129 dicit
669 2063 828 2130 Mercurio
851 2061 965 2127 Infanti
986 2079 1087 2144 puero
1110 2061 1241 2125 insciam
1263 2061 1416 2126 Iunonem
1444 2062 1570 2127 dedisse
1592 2061 1688 2146 lactei,

440 2167 520 2232 .sed
543 2169 714 2250 postquam
736 2164 882 2230 rescierit
900 2183 971 2229 eum
994 2163 1098 2229 Maiae
1120 2161 1219 2227 lilium
1251 2180 1334 2244 esse,
1365 2163 1512 2230 reiecisse
1543 2183 1614 2230 eum
1637 2164 1687 2250 {ab

405 2267 446 2334 15
464 2285 511 2350 se,
533 2267 578 2332 ita
599 2268 692 2332 lectis
714 2265 836 2349 prolusi
855 2265 1058 2347 splendorem
1080 2265 1164 2328 iuter
1186 2264 1292 2329 sidera
1313 2284 1470 2347 apparere
1493 2313 1500 2329 .
1522 2267 1577 2331 ulli
1602 2267 1688 2331 dixe·

463 2372 540 2432 runt
568 2366 738 2434 dormienti
760 2367 874 2431 Iunoni
897 2365 1066 2450 Herculem
1100 2365 1315 2448 suppositum,
1345 2372 1377 2431 et
1409 2372 1626 2450 experrectam
1657 2368 1691 2433 id

464 2469 550 2550 quod
572 2487 670 2551 supra
693 2467 829 2533 diximus
851 2465 963 2532 iecisse
982 2515 988 2530 .
1008 2466 1062 2531 olii
1085 2473 1193 2550 autem
1215 2467 1384 2534 Herculem
1407 2476 1541 2552 propter
1562 2471 1689 2535 nimiam

384 2649 385 2653 Ἰ
464 2571 651 2638 auiditatem
674 2569 911 2636 multitudinem
933 2569 1025 2635 laetis
1056 2569 1217 2652 adpetisse
1248 2589 1351 2654 neque
1381 2571 1413 2636 in
1446 2591 1501 2638 ore
1528 2574 1690 2639 continere

463 2676 618 2760 potuisse:
651 2674 737 2758 quod
769 2693 805 2740 en
839 2693 894 2740 ore
917 2673 985 2740 eins
1007 2672 1171 2759 profusum
1178 2721 1187 2754 ,
1218 2673 1368 2740 circulum
1392 2673 1585 2758 significasse
1608 2725 1614 2740 .
1637 2676 1690 2741 elii

404 2779 672 2863 mulcensque
694 2784 840 2862 tempore
863 2778 930 2862 Ops
952 2777 1090 2844 Saturno
1113 2777 1250 2861 lepidam
1273 2798 1332 2863 pro
1355 2785 1450 2863 partu
1472 2781 1594 2862 attulit,
1625 2781 1690 2846 ius-

463 2885 543 2950 sisse
565 2885 595 2950 ei
612 2885 695 2950 laete
723 2883 878 2965 praebere
901 2932 907 2946 .
930 2900 1012 2967 qnae
1044 2901 1114 2948 enm
1145 2884 1316 2966 pressisset
1346 2902 1528 2961 maurinum,
1559 2882 1690 2968 profuso

462 2988 545 3055 laete
567 2987 719 3053 circulum
743 2984 963 3067 deformatum,
985 3003 1079 3069 quem
1104 3003 1202 3068 supro
1225 2987 1519 3054 demonstrauimus

549 3089 616 3155 Nos
629 3094 736 3155 euntem
751 3089 889 3154 omnium
905 3107 1074 3170 corporum
1090 3087 1350 3155 delornmtionem
1367 3090 1472 3156 dicere
1487 3091 1691 3156 instituimus

466 3240 670 3248 ———-—-

532 3309 557 3364 1)
575 3313 592 3366 6
608 3316 637 3365 et
653 3308 751 3364 hedum
768 3314 796 3363 et
813 3309 955 3378 hesperum
970 3309 974 3376 l
992 3310 1023 3362 13
1041 3308 1171 3362 mercurio
1188 3307 1260 3364 dloit.
1275 3340 1307 3349 -
1322 3309 1345 3374 G
1363 3314 1380 3366 2
1398 3309 1576 3380 puleritudIne
1590 3312 1596 3378 Ι
1611 3313 1627 3366 5
1645 3323 1691 3379 epb

464 3397 559 3469 pellaei
585 3395 655 3467 quod
680 3395 815 3452 exoriente
842 3400 871 3449 et
896 3391 1033 3448 occidente
1060 3392 1166 3450 uidetur
1180 3396 1184 3463 Ι
1199 3398 1216 3450 9
1234 3410 1325 3450 cursen
1347 3395 1469 3466 epulorum
1485 3398 1489 3466 Ι
1507 3400 1538 3453 14
1555 3395 1665 3454 resciret
1685 3399 1689 3465 l

466 3487 498 3538 16
515 3483 680 3553 subpositum
694 3485 700 3552 Ι
717 3485 748 3537 18
766 3480 843 3536 lactis
860 3479 1056 3534 multitudinem
1070 3483 1075 3548 Ι
1090 3484 1124 3536 20
1140 3479 1187 3536 obs
1202 3483 1207 3549 Ι
1222 3481 1326 3536 obtulit.

534 3689 550 3740 2
568 3700 627 3740 nou.
648 3684 672 3738 G
689 3683 759 3750 uulg.
778 3681 907 3735 Nonnulli
923 3679 1123 3749 summitti)
1140 3681 1164 3734 G
1181 3682 1253 3750 uulg.
1266 3681 1350 3736 lilium
1368 3697 1426 3737 esse
1440 3685 1446 3752 Ι
1461 3687 1477 3740 5
1495 3690 1522 3738 et
1539 3697 1580 3738 ex.
1598 3683 1690 3752 scripsi

465 3783 499 3822 ex
519 3774 532 3823 l
551 3768 641 3839 Voss.;
658 3769 729 3836 uulg.
748 3765 878 3836 appellari
896 3781 936 3819 ex.
952 3768 988 3833 17
1006 3766 1095 3820 breuis
1112 3765 1129 3819 i.
1147 3781 1170 3820 e.
1188 3781 1280 3836 paruo,
1300 3767 1332 3821 el.
1346 3782 1426 3836 supra
1444 3784 1484 3837 ep.
1498 3771 1532 3824 38
1547 3770 1551 3836 Ι
1569 3772 1601 3823 10
1613 3782 1692 3822 uerre-

465 3868 523 3907 rem
541 3858 590 3908 etc.
608 3853 633 3907 D
648 3852 671 3907 G
688 3853 760 3921 uulg.
783 3850 895 3921 primaru
912 3850 952 3906 ait
969 3850 1098 3906 Venerem
1121 3858 1195 3905 astrs
1216 3851 1449 3921 constituissent
1467 3867 1550 3922 puero
1572 3868 1622 3907 om.
1642 3852 1665 3906 G
1687 3854 1690 3920 Ι

465 3935 535 3990 laete
552 3936 578 3990 D
600 3937 626 3990 ln.
649 3937 666 3992 1.
684 3943 712 3991 et
734 3937 762 3990 in
783 3951 840 4005 sqq.
858 3933 930 4003 uulg.
948 3935 1002 4006 lac,
1020 3934 1063 4006 let.
1081 3934 1242 4006 Braurbueh,
1269 3935 1481 4006 Neugestnltunp
1507 3942 1557 3992 ete.
1584 3953 1611 4006 p.
1630 3940 1690 4006 256,

407 4031 409 4036 '
466 4019 552 4092 Neue,
568 4020 657 4076 Form.
675 4021 689 4074 1
710 4038 736 4090 p.
754 4024 805 4076 tre
820 4023 824 4088 Ι
842 4025 874 4076 14
891 4020 926 4073 ab
943 4018 968 4071 D
982 4019 1006 4074 G
1028 4019 1099 4088 unlg.
1117 4022 1153 4089 el
1170 4024 1202 4076 15
1218 4020 1255 4076 ita
1272 4021 1297 4073 D
1311 4021 1335 4075 G
1357 4020 1428 4090 uulg.
1446 4029 1475 4076 et
1491 4023 1530 4077 its
1545 4024 1549 4090 Ι
1566 4025 1598 4078 18
1615 4023 1691 4077 mult.

465 4107 527 4161 lact.
545 4106 570 4159 D
588 4107 660 4176 nulg.
678 4108 738 4162 lect.
762 4108 837 4162 mult
861 4108 866 4174 Ι
891 4109 924 4161 19
941 4105 1006 4174 sign.
1029 4104 1092 4159 DG
1114 4107 1186 4175 uulg.
1207 4107 1324 4174 signasse
1347 4107 1353 4174 Ι
1376 4110 1409 4161 23
1426 4106 1531 4162 iusti)
1553 4107 1624 4176 uulg.
1652 4107 1690 4162 in·

377 4192 380 4200 '
457 4193 617 4248 stituerunt.
