4016 5914
877 745 1109 813 -ros-

379 913 561 998 Cassiepiae
579 932 650 980 cum
668 914 804 997 pedibus
822 913 891 980 eius
908 914 1022 982 nititur
1039 914 1109 999 ipso
1125 915 1254 998 circulo,
1271 921 1306 984 et
1322 917 1435 987 dextro
1454 919 1536 1003 pede
1553 939 1608 1003 ge·

382 1034 488 1097 nuque
509 1016 638 1081 sinistro
661 1019 695 1080 et
715 1013 807 1098 pedis
828 1014 989 1099 prioribus
1011 1014 1119 1098 digitis
1141 1016 1169 1082 is
1191 1017 1247 1099 qui
1259 1017 1442 1101 Engonasin
1463 1025 1609 1102 uocatur,

381 1121 414 1181 ot
434 1132 546 1181 manus
568 1115 699 1183 sinistra
716 1115 828 1182 Bootis
846 1117 1004 1183 exteriore
1021 1120 1115 1199 parte
1137 1117 1249 1184 circuli
1266 1119 1415 1202 peruenit
1431 1121 1609 1188 coniuncta

465 1217 515 1282 Ad
536 1217 746 1283 antarcticum
768 1221 876 1284 autem
898 1217 1051 1284 circulum
1072 1219 1220 1301 peruenit
1242 1223 1385 1287 extrema
1406 1221 1499 1289 nauis
1520 1221 1608 1306 drgo
1659 1213 1665 1223 ’

380 1319 541 1403 pedesque
564 1317 715 1385 Centauri
737 1318 932 1402 posteriores
954 1319 1184 1403 adiunguntur,
1213 1321 1338 1404 priores
1368 1329 1476 1390 autem
1506 1323 1647 1407 paoned

381 1421 565 1502 contingere
597 1425 631 1485 et
651 1421 718 1485 Ara
738 1418 869 1486 uidetur
899 1438 1001 1503 prope
1032 1418 1137 1485 adiixa
1167 1424 1200 1486 et
1220 1422 1354 1488 Eridani
1383 1421 1524 1488 fluminis
1556 1443 1609 1490 ex-

382 1524 484 1585 trema
506 1517 704 1600 significatio.

465 1619 526 1685 VII
548 1619 716 1701 Reliquum
740 1622 790 1686 est
810 1618 903 1684 nobis
925 1617 1057 1684 definire
1079 1636 1173 1700 quem
1204 1637 1302 1703 supra
1328 1619 1467 1686 lacteum
1498 1620 1609 1687 orbem
1643 1695 1645 1700 ¹

381 1719 670 1787 demonstrauimus
693 1769 701 1786 .
722 1720 750 1786 is
773 1721 857 1786 enim
880 1719 997 1786 diuidit
1019 1719 1125 1786 Oloris
1148 1724 1323 1787 extremam
1344 1721 1507 1789 sinistram
1528 1741 1608 1807 pen-

383 1841 471 1906 nam,
493 1843 575 1907 quas
599 1830 689 1891 extra
715 1825 873 1891 aestiuum
895 1823 1044 1909 peruenit
1064 1822 1159 1890 tinem
1180 1871 1187 1886 .
1209 1827 1379 1909 praetereo
1400 1824 1518 1892 transit
1539 1843 1607 1891 ma·
1628 1828 1670 1895 10

382 1945 458 1992 num
482 1926 625 1992 dextram
647 1926 770 2009 Persei,
801 1932 834 1994 et
863 1928 904 1994 ab
934 1927 1068 1992 humero
1097 1925 1227 1991 sinistro
1248 1926 1391 2010 Aurigae
1419 1928 1611 2011 perueniens

382 2028 442 2095 sub
464 2047 593 2094 rnonum
615 2028 684 2094 cius
704 2029 848 2094 dextram
867 2033 900 2094 ot
917 2027 1125 2094 Geminorum
1143 2047 1248 2111 genua
1266 2035 1299 2095 et
1315 2030 1415 2112 pedes
1433 2031 1501 2097 eius
1518 2029 1611 2114 signi,

383 2131 468 2210 qrrod
489 2130 634 2210 Procyon
657 2133 792 2195 uocatur
812 2175 820 2193 .
842 2128 916 2194 hinc
938 2128 1084 2193 diuidens
1105 2128 1371 2208 aequinoctialem
1394 2134 1427 2195 et
1451 2130 1611 2197 aestiutun

383 2230 548 2309 circulum,
573 2229 677 2310 tangit
703 2230 879 2295 extremum
901 2226 997 2293 tinem
1019 2226 1108 2307 mali,
1139 2229 1194 2309 qui
1225 2229 1258 2293 in
1279 2227 1368 2316 Argo
1390 2231 1467 2295 naui
1488 2229 1611 2296 defixus

382 2329 523 2412 uiolatum
545 2329 660 2394 deinde
681 2346 793 2395 rursus
810 2331 986 2409 reuertens,
1008 2345 1113 2409 genua
1130 2326 1282 2394 Centauri
1306 2330 1422 2396 diuidit
1443 2349 1463 2395 a
1483 2330 1608 2414 reliquo
1628 2334 1669 2402 111

383 2449 517 2514 corpore
549 2435 582 2496 et
613 2435 787 2496 extremam
810 2429 944 2495 caudam
967 2428 1119 2495 terminat
1140 2427 1324 2515 Scorpionis
1355 2437 1389 2498 et
1413 2449 1523 2498 arcum
1545 2451 1610 2498 mc-

383 2534 469 2598 dium
492 2518 659 2614 Sagittarii
689 2535 722 2597 et
741 2530 878 2613 Aquilae
909 2530 1074 2595 dimidiam
1096 2535 1236 2613 partem,
1266 2551 1325 2613 per
1356 2532 1425 2598 eius
1451 2533 1612 2600 transiens
1690 2616 1692 2621 .

383 2651 513 2716 pennas.

467 2734 544 2802 Vlll
563 2734 720 2815 Quoniam
739 2735 780 2801 de
797 2733 1017 2800 huiuscemodi
1034 2733 1130 2798 robus
1144 2733 1349 2816 exposuimus
1367 2735 1612 2817 ordine,mundi

382 2839 548 2921 rationem,
579 2843 612 2904 et
641 2838 908 2920 quomadmodum
940 2840 1120 2918 moueatur,
1150 2835 1297 2920 protinus
1329 2835 1485 2921 dicemus3
1516 2843 1550 2904 et
1575 2838 1608 2903 in
1627 2841 1669 2908 20

381 2941 549 3010 ‹lirodccim
573 2941 737 3026 signorum
760 2945 873 3008 exortu
896 2960 978 3025 quae
1001 2939 1117 3007 deinde
1140 2958 1275 3025 corpora
1298 2946 1548 3026 consequantur,
1579 2946 1612 3008 et

381 3068 463 3131 quac
485 3047 677 3131 perueniant
698 3048 740 3113 ad
762 3061 910 3112 occasum
933 3092 940 3108 .
962 3043 1112 3110 conuenit
1125 3044 1230 3111 mobis
1252 3045 1405 3112 mundum
1433 3046 1473 3113 ab
1497 3049 1611 3112 exortu

380 3150 422 3215 od
445 3167 592 3215 occasum
614 3148 712 3230 uerti,
738 3148 810 3213 ideo
834 3147 920 3228 quod
941 3146 1087 3211 uidemus
1110 3147 1220 3212 stellas
1247 3166 1285 3212 ex
1312 3148 1436 3212 oriente
1462 3147 1504 3211 ad
1527 3147 1610 3213 occi·

380 3252 508 3317 dentem
531 3249 675 3315 conuerti
697 3294 705 3312 .
728 3248 774 3313 sic
796 3247 880 3312 euim
902 3246 1040 3328 primum
1057 3247 1234 3328 poterimus
1251 3247 1342 3328 scire,
1364 3247 1419 3330 qui
1436 3248 1502 3313 siut
1520 3265 1611 3314 eror—
1665 3332 1668 3338 .

379 3361 432 3417 tus
463 3356 496 3417 et
527 3350 581 3432 qui
612 3365 742 3414 occasus
774 3395 780 3410 .
811 3348 838 3413 si
871 3349 954 3414 anim
985 3353 1129 3413 nostrum
1160 3349 1275 3432 aliquis
1306 3349 1469 3416 adstiterit
1499 3354 1612 3416 contra
1629 3349 1671 3415 25

379 3454 545 3534 orientem,
566 3467 696 3516 necesse
719 3454 769 3516 est
790 3451 905 3516 Arctos
926 3449 1018 3516 nobis
1041 3468 1061 3514 a
1083 3448 1220 3515 sinistris
1242 3450 1388 3532 partibus
1416 3469 1487 3518 esse
1509 3497 1517 3514 .
1539 3470 1611 3517 cum

448 3688 473 3741 D
493 3693 507 3744 1
526 3685 658 3756 casiepiae
673 3673 796 3754 i‘nititrr
813 3685 871 3754 ipso
888 3679 996 3740 circulo'
1014 3699 1065 3740 om.
1081 3683 1234 3754 inpedost
1249 3688 1266 3740 6
1282 3684 1425 3756 heridani!
1440 3689 1457 3742 9
1473 3685 1587 3742 exuent
1604 3686 1610 3756 Ι

383 3777 414 3830 13
432 3772 541 3842 procion
556 3773 561 3840 Ι
578 3775 610 3828 17
627 3765 769 3826 (limodiam
784 3772 838 3834 122
856 3768 983 3825 mondum
1009 3767 1091 3824 uobis.
1112 3798 1144 3809 -
1163 3768 1187 3824 G
1207 3774 1220 3824 1
1239 3768 1400 3840 cassiopeiae
1415 3771 1420 3839 Ι
1434 3769 1493 3826 eius
1518 3775 1547 3825 et
1572 3769 1613 3825 ni·

379 3862 473 3913 tantur
491 3859 496 3926 Ι
516 3856 585 3926 pedo
610 3855 717 3911 sinistro
742 3869 865 3925 genuque
890 3853 985 3910 dextro
1003 3855 1009 3922 1
1027 3855 1044 3907 3
1061 3852 1134 3908 booti
1152 3853 1158 3922 Ι
1179 3856 1196 3908 4
1213 3853 1372 3909 catarticum
1387 3856 1392 3924 Ι
1409 3858 1441 3911 13
1457 3854 1586 3925 prochion
1604 3857 1609 3924 Ι

381 3946 414 3998 16
431 3939 543 3996 caudam
559 3938 681 3995 diuidens
697 3938 862 4009 scorpionis!
879 3944 911 3996 17
924 3938 981 3994 eius
998 3954 1050 3994 orn.
1065 3938 1117 4007 121
1136 3937 1188 3991 XII
1203 3937 1208 4006 1
1223 3937 1305 3993 22111
1322 3953 1373 3993 om.
1388 3939 1394 4007 1
1409 3941 1443 3996 21
1460 3937 1609 4008 exstiterit!

381 4032 414 4084 211
432 4025 595 4083 exorientem
610 4019 745 4098 t‘noceasa
763 4066 770 4082 .
789 4068 795 4084 .
814 4068 821 4083 .
838 4018 950 4096 quoque'
970 4040 1021 4081 om.

420 4167 422 4170 .
438 4165 584 4173 ...omo—u·

457 4241 470 4293 1
490 4237 563 4306 uulg.
581 4234 748 4305 condepeiae
765 4234 791 4288 h.
809 4233 828 4287 i.
845 4239 873 4289 at
889 4231 953 4289 aiibi
976 4233 982 4304 Ι
1004 4231 1062 4302 ipso
1080 4231 1105 4286 G
1121 4231 1193 4300 uuig.
1210 4231 1261 4302 ipsi
1285 4240 1290 4297 Ι
1313 4230 1407 4287 dextro
1427 4237 1477 4286 etc
1495 4231 1520 4285 D
1537 4230 1611 4301 uulg.

380 4322 488 4378 sinistro
514 4321 584 4394 podo
605 4335 728 4392 genuque
750 4318 845 4374 dextra
867 4319 873 4386 Ι
897 4323 914 4376 3
931 4318 954 4373 is
972 4318 995 4374 (1
1012 4317 1086 4386 uuig.
1104 4315 1162 4372 eius
1181 4357 1187 4372 .
1205 4316 1233 4372 in
1250 4316 1275 4372 D
1291 4307 1332 4372 ‘is‘
1352 4322 1393 4372 est
1414 4316 1494 4372 lectio
1519 4331 1612 4387 sopra-

381 4409 481 4476 seripta
499 4410 505 4477 1
525 4414 578 4464 ext.
596 4407 621 4461 D
636 4407 660 4462 G
678 4406 749 4476 uutg.
767 4403 894 4461 exteriori
913 4406 919 4473 1
938 4418 1013 4474 pern.
1031 4401 1144 4458 fortuma
1170 4400 1312 4470 legendnm
1337 4408 1379 4457 est
1404 4401 1540 4473 prouenit,
1567 4401 1613 4458 uel

385 4494 562 4565 supplendum
580 4499 622 4550 est
638 4491 750 4560 eodem!
766 4496 782 4548 4
800 4495 856 4550 ant
873 4490 898 4544 D
912 4489 937 4546 G
954 4489 1026 4558 uulg.
1043 4487 1220 4543 Antarcticoa
1235 4487 1272 4556 111
1289 4501 1357 4558 pens
1374 4487 1399 4541 D
1417 4487 1491 4556 uulg.
1508 4490 1610 4559 prope}

381 4585 399 4638 3
416 4580 469 4636 adi.
496 4581 522 4634 D
539 4579 584 4634 ati.
612 4579 636 4634 G
651 4581 656 4647 Ι
671 4584 699 4632 ot
716 4577 762 4633 Er.
781 4577 805 4631 D
820 4576 844 4631 G
870 4574 942 4645 uulg.
961 4571 1126 4641 Eridaniquc
1140 4572 1178 4641 18
1196 4571 1260 4642 Dap.
1278 4571 1329 4627 vn
1356 4571 1383 4625 in
1402 4571 1433 4627 G.
1451 4571 1469 4626 1.
1486 4587 1521 4626 m
1539 4571 1614 4627 addi·

381 4673 437 4724 tur:
459 4666 501 4722 De
518 4665 606 4722 lacteo
624 4667 630 4734 Ι
648 4669 665 4722 9
683 4665 706 4719 is
723 4663 748 4717 D
764 4663 788 4718 G
804 4661 877 4732 rudg.
895 4660 952 4732 ipse
970 4660 976 4729 Ι
997 4663 1028 4716 13
1046 4657 1118 4727 uulg.
1136 4650 1284 4726 Προκῦων
1301 4656 1327 4712 h.
1344 4656 1362 4710 1.
1380 4662 1409 4712 et
1430 4656 1495 4711 alibi
1514 4657 1520 4726 Ι
1538 4656 1612 4727 uulg.

382 4753 445 4823 Hie,
471 4751 542 4823 quod
568 4750 649 4808 etiam
666 4751 730 4806 1111
747 4749 849 4804 liabent
867 4788 874 4803 .
892 4746 986 4817 scripsi
1012 4745 1073 4800 hinc
1099 4759 1133 4800 ex
1151 4748 1168 4800 1
1187 4743 1231 4800 Ui.
1249 4742 1362 4813 aliisque
1379 4785 1386 4800 .
1404 4741 1474 4798 idem
1499 4741 1553 4798 iam
1574 4742 1613 4798 111

386 4837 509 4895 uoluerat
523 4839 529 4908 Ι
545 4841 577 4894 14
595 4836 657 4892 rraui
675 4835 700 4890 D
715 4836 738 4891 G
756 4835 827 4904 uuig.
845 4848 914 4889 naue
929 4833 934 4902 Ι
950 4835 983 4888 13
1000 4828 1073 4886 hisce
1090 4829 1137 4900 tt,
1154 4828 1263 4885 Indenea
1280 4829 1305 4883 D
1319 4829 1343 4883 (1
1360 4833 1389 4884 et
1405 4827 1444 4884 sie
1456 4827 1537 4899 uulgo
1549 4828 1615 4886 sari·

383 4924 463 4994 bunt3
479 4922 658 4979 huiuscemodi
668 4923 694 4978 11
709 4924 714 4991 Ι
729 4927 761 4978 21
776 4937 843 4992 quae
856 4920 915 4976 DG
930 4920 1002 4988 uulp.
1019 4933 1052 4974 ea
1069 4919 1157 4988 quaet
1172 4921 1206 4974 23
1220 4931 1254 4972 ex
1267 4933 1304 4972 or.
1318 4916 1343 4970 D
1357 4915 1431 4985 uuig.
1443 4916 1592 4973 exorientes
1607 4916 1612 4988 Ι

381 5013 415 5066 26
433 5025 471 5066 or.
489 5010 514 5063 D
533 5007 604 5078 uuig.
622 5008 792 5064 exorientem.
1627 5023 1630 5034 r
