4020 5910
994 737 1205 801 ..gg-

487 899 619 965 lentiem
648 918 708 981 pro
730 899 883 966 beneficio
905 897 1029 981 accepit
1049 945 1057 962 .
1079 917 1153 964 narn
1183 917 1287 981 neque
1317 903 1411 981 peter
1432 895 1588 981 Cepheus,
1608 917 1712 981 neque

487 997 652 1083 Cassiepia
673 1005 777 1067 muter
797 1001 839 1068 eb
862 1019 900 1066 ee
922 1004 1098 1083 potuerunt
1118 999 1305 1084 impetrare,
1328 1000 1404 1084 quin
1425 1005 1575 1084 parentes
1597 1018 1635 1066 ee
1656 1020 1711 1084 pe·

439 1138 443 1145 ·
487 1102 583 1168 trIem
613 1103 796 1187 relinquens
822 1104 942 1170 Perseo
970 1108 1188 1185 sequeretur.
1210 1102 1267 1168 sed
1299 1102 1339 1168 de
1369 1102 1429 1168 hec
1449 1101 1621 1185 Euripides
1651 1104 1711 1167 hoc

488 1206 600 1272 eodem
621 1207 750 1272 nourine
771 1205 912 1273 lebulem
934 1199 1189 1272 commodissime
1210 1204 1330 1271 scribit
1617 1217 1621 1224 ·

446 1308 470 1374 h
571 1308 634 1375 XII
663 1308 863 1376 PERSEUS.
905 1308 967 1374 Hic
988 1308 1163 1376 nobilitatis
1185 1326 1282 1374 cause
1312 1314 1346 1374 et
1371 1307 1457 1391 quod
1479 1307 1632 1374 inusitato
1659 1327 1711 1391 ge-

486 1429 563 1477 uere
585 1413 817 1478 eoncuhItionis
839 1417 926 1478 esset
943 1416 1051 1491 notus,
1080 1410 1122 1475 ed
1144 1409 1252 1475 sidere
1282 1411 1399 1476 dicitnr
1420 1411 1606 1492 peruenisse
1628 1458 1635 1474 .
1658 1413 1711 1492 qui

485 1513 601 1578 missus
623 1531 644 1576 a
664 1512 837 1595 Polydecte
858 1511 1017 1594 Magnetis
1038 1509 1104 1576 filio
1134 1509 1177 1574 sd
1199 1509 1383 1592 Gorgones,
1414 1529 1434 1575 e
1455 1511 1627 1591 Mercurio,
1657 1513 1710 1592 qui

489 1629 561 1676 eum
585 1611 735 1678 dilexisse
757 1611 970 1692 existimatur,
1000 1611 1116 1676 telaria
1145 1613 1179 1676 et
1208 1615 1356 1692 petreum
1378 1606 1517 1693 occepit3'
1543 1618 1712 1694 praetereo

486 1713 621 1796 geleem,
642 1731 706 1794 que
727 1712 859 1778 indutus
882 1731 921 1778 ex
942 1712 1079 1778 aduerso
1097 1730 1161 1779 noe
1177 1718 1308 1796 poteret
1324 1713 1428 1778 uideri
1447 1759 1454 1774 .
1471 1714 1580 1794 itaque
1598 1713 1712 1778 Graeci

429 1810 591 1892 romeos·
612 1813 738 1896 galeam
760 1813 910 1882 dixerunt
931 1831 1010 1896 esse,
1039 1831 1103 1879 uon
1133 1820 1172 1881 ut
1200 1815 1328 1897 quidem
1351 1813 1595 1880 inscientissime
1616 1815 1713 1878 inter-

486 1921 670 1999 pretentur,
700 1934 772 1981 eum
796 1915 870 1981 Orci
899 1916 992 1998 gelos
1013 1934 1119 2000 usum3
1150 1935 1232 1999 quse
1262 1933 1313 1982 res
1343 1916 1460 1982 nemini
1488 1915 1583 1982 docto
1605 1922 1713 2000 potest

488 2017 621 2096 proheri
643 2064 651 2080 .
672 2015 776 2082 lentur
807 2018 903 2082 etiem
933 2016 1118 2082 oUulcono
1148 2015 1262 2083 felcem
1279 2017 1453 2099 'occepisse
1483 2036 1522 2083 ox
1544 2019 1713 2084 adamante

486 2115 613 2198 factem,
635 2135 700 2198 que
721 2118 887 2183 Medusam
910 2119 1062 2200 Gorgona
1082 2118 1252 2202 interfecit3
1275 2119 1361 2200 quod
1382 2119 1501 2184 lectum
1524 2138 1617 2185 nemo
1640 2139 1713 2184 con-

485 2218 643 2302 scripsit.
665 2220 722 2286 sed
744 2228 782 2287 ut
803 2221 850 2288 eit
870 2221 1045 2304 Aeschylus
1066 2220 1306 2305 tragoediarum
1336 2222 1474 2306 scriptor
1506 2221 1539 2286 iu
1561 2221 1713 2305 Phorcisi,

427 2325 468 2392 15
487 2321 611 2390 Greeoe
641 2322 773 2393 inerunt
799 2325 984 2408 Gorgonum
1015 2324 1179 2410 custodes3
1211 2325 1251 2390 dc
1282 2325 1397 2410 quihus
1433 2325 1465 2391 in
1496 2327 1600 2410 primo
1632 2327 1712 2392 libro

485 2426 753 2512 Genealogiarum
776 2429 990 2513 scripsimus.
1013 2447 1096 2512 queo
1117 2435 1273 2512 utraeque
1299 2448 1362 2495 uno
1385 2431 1478 2496 oculo
1504 2449 1582 2496 usae
1605 2429 1712 2496 existi-

437 2527 439 2538 ‘
484 2536 621 2613 muntur,
643 2537 676 2597 et
697 2533 743 2597 ita
765 2551 823 2598 suo
847 2551 991 2615 queeque
1009 2538 1153 2614 tempore
1177 2538 1308 2615 eccepto
1327 2534 1419 2598 oculo
1437 2534 1564 2616 uigilias
1583 2533 1711 2615 egisse.

363 2685 365 2691 .
402 2621 404 2626 ⁸
484 2633 567 2697 hune
589 2633 736 2715 Perseus,
757 2654 822 2699 une
844 2653 953 2700 eurum
976 2637 1133 2717 trudente,
1156 2642 1322 2718 exceptum
1345 2635 1376 2699 iu
1399 2636 1549 2718 paludem
1573 2635 1711 2701 Trltoni-

485 2736 558 2801 dsm
575 2737 735 2819 proiecit.
753 2737 863 2819 itaque
881 2737 1066 2803 custodibus
1084 2737 1269 2816 excaecatis,
1286 2734 1380 2801 facile
1398 2736 1582 2817 Gorgonem
1599 2754 1709 2801 somno

424 2841 467 2905 20
485 2837 682 2918 consopitam
704 2837 862 2903 interiecit
884 2885 891 2900 .
914 2839 1003 2903 culus
1025 2845 1122 2920 ceput
1143 2837 1288 2902 hlinerue
1309 2838 1342 2904 in
1364 2842 1495 2920 pectore
1517 2837 1633 2903 dicitur
1654 2839 1710 2901 he-

483 2937 560 3003 bere
591 2940 781 3005 collocutum
803 2987 811 3002 .
833 2939 1031 3005 Euhemerus
1062 2939 1189 3021 quidem
1212 2938 1395 3021 Gorgonem
1418 2957 1436 3003 e
1458 2938 1603 3003 hlinerue
1635 2939 1711 3003 dicit

483 3039 699 3125 interfectem3
720 3042 761 3108 de
783 3061 846 3124 quo
869 3042 932 3107 elio
956 3047 1101 3124 tempore
1123 3041 1217 3124 pluro
1239 3041 1389 3106 dicemus.

568 3145 646 3210 XIII
676 3145 931 3214 HENIOGHUS.
975 3146 1067 3211 Hunc
1098 3164 1156 3210 nos
1177 3145 1320 3226 eurigam
1344 3144 1441 3209 latine
1472 3143 1620 3224 dicImus,
1651 3163 1706 3207 no·

550 3361 574 3415 D
597 3366 614 3417 6
631 3361 824 3417 concubicionis
843 3365 848 3431 Ι
869 3368 899 3418 11
917 3362 1021 3416 nemine
1040 3364 1046 3430 Ι
1066 3366 1098 3416 14
1115 3358 1309 3430 phorcisigreac
1328 3362 1334 3426 Ι
1355 3364 1387 3414 15
1409 3373 1569 3427 gorgoneum
1583 3363 1588 3428 Ι
1604 3366 1634 3415 21
1654 3359 1708 3412 Iiu-

482 3461 587 3500 cmerus
604 3445 719 3516 quidem.
737 3477 771 3486 -
789 3448 813 3502 G
833 3452 846 3503 1
860 3447 970 3516 aceepit
989 3445 1083 3514 Neque
1100 3445 1170 3499 onim
1186 3451 1263 3514 poter
1278 3447 1283 3513 Ι
1299 3444 1471 3512 2υιιιιείοιιοίιι
1485 3446 1491 3513 Ι
1505 3448 1522 3500 4
1540 3445 1680 3500 sciurus*
1701 3446 1707 3514 Ι

482 3537 499 3586 0
516 3531 613 3586 dicitur
627 3530 762 3587 adsidere
776 3535 780 3600 Ι
797 3539 829 3588 10
842 3547 899 3586 esse
912 3531 1036 3587 dixerunt
1050 3533 1056 3601 Ι
1070 3535 1103 3585 13
1116 3547 1258 3598 gorgonem
1273 3531 1278 3598 Ι
1295 3534 1327 3585 14
1340 3528 1445 3597 phoreis
1458 3529 1547 3598 igreae
1562 3531 1566 3596 Ι
1583 3533 1615 3584 17
1628 3545 1706 3597 quoe·

481 3631 533 3685 que
549 3630 598 3671 suo
612 3619 617 3684 Ι
632 3621 667 3673 23
683 3615 818 3672 Eniochus
833 3619 837 3685 Ι
852 3605 971 3685 aurigam
989 3632 1044 3671 nos.
1063 3645 1096 3656 -
1114 3615 1139 3670 N
1159 3618 1191 3670 13
1208 3628 1324 3682 gorgona
1345 3629 1395 3668 om.
1410 3615 1416 3682 Ι
1433 3618 1464 3668 14
1482 3613 1586 3681 phorcIs
1604 3614 1676 3682 Igree
1698 3617 1703 3680 Ι

482 3705 514 3758 m
531 3717 677 3772 gorgonum
695 3702 815 3758 crustorlcs
835 3702 943 3757 luerunt
958 3703 962 3772 Ι
978 3706 1008 3758 21
1030 3700 1166 3757 liuruerus.

548 3897 564 3946 2
582 3892 710 3962 cassiepia
727 3891 752 3944 D
768 3891 791 3946 X
811 3894 815 3959 Ι
834 3907 866 3946 ac
883 3891 908 3944 D
923 3889 986 3946 GN
1004 3889 1077 3957 uolg.
1094 3898 1122 3944 et
1140 3891 1145 3958 Ι
1164 3893 1181 3945 3
1198 3903 1292 3958 perses
1310 3888 1333 3942 G
1346 3886 1373 3943 N
1386 3887 1511 3943 Perseum
1529 3887 1553 3940 D
1572 3895 1603 3942 ut
1624 3903 1705 3956 supra

479 3994 518 4046 cp.
538 3981 562 4035 9.
589 3977 710 4049 llygiuus
726 3977 875 4047 promiscue
890 3975 987 4030 dixisse
1009 3973 1115 4030 uidetur
1133 3973 1258 4028 Perseum
1280 3981 1308 4028 et
1324 3974 1431 4044 Persea,
1449 3980 1479 4028 ut
1497 3973 1551 4028 alio
1568 3973 1626 4028 loco
1640 3973 1704 4029 l’ro·

406 4063 410 4077 ‘
479 4065 613 4119 matheum
634 4070 663 4119 et
684 4063 844 4118 Promethea
861 4066 866 4132 Ι
888 4068 920 4119 10
937 4065 978 4118 ΛΕ
986 4062 1066 4116 1Δο(
1088 4060 1114 4114 D
1128 4059 1198 4116 GN.
1219 4055 1314 4123 Ἄιδος
1338 4061 1426 4130 κυνέη
1450 4061 1503 4114 ianr
1527 4060 1562 4114 eh
1587 4060 1704 4114 llomero

479 4157 698 4205 commemoretur
715 4149 747 4206 ll.
764 4152 789 4212 h,
808 4151 878 4217 3151
896 4152 926 4204 13
945 4146 1017 4216 uulg.
1034 4146 1185 4216 Gorgonem
1203 4189 1210 4204 .
1228 4146 1256 4200 iu
1277 4145 1302 4200 D
1327 4159 1471 4214 gorgonem
1495 4161 1562 4201 corr.
1588 4146 1616 4199 iu
1634 4138 1704 4214 ‘gor-

478 4219 561 4304 gone'
572 4234 606 4290 ct.
623 4234 696 4291 Iuire
713 4233 757 4291 lih.
776 4235 823 4305 lll,
842 4238 872 4290 11
889 4236 894 4304 Ι
911 4235 944 4290 14
960 4247 1100 4302 perperam
1116 4247 1208 4288 omnes
1228 4231 1347 4287 scribunt
1364 4231 1473 4286 Phcreis
1491 4274 1497 4286 .
1517 4231 1643 4302 Aeschyli
1664 4230 1703 4286 ie-

479 4320 543 4376 hule
560 4319 688 4390 inscripta
705 4328 763 4376 eret
778 4319 924 4391 Φορκίδες
939 4321 944 4387 Ι
961 4324 992 4374 15
1010 4318 1105 4388 quihus
1122 4318 1147 4371 D
1165 4334 1217 4388 que
1235 4317 1297 4372 GN
1314 4325 1395 4386 atque
1412 4317 1451 4372 sie
1467 4316 1547 4386 uulgo
1560 4317 1703 4372 scribunt.

479 4405 507 4458 in
529 4413 580 4460 etc
598 4404 636 4468 de¹
659 4407 710 4460 hec
735 4420 765 4459 re
791 4405 847 4458 dixi
872 4405 900 4458 in
921 4403 1045 4471 Prolegg.
1062 4402 1096 4457 ad
1112 4403 1182 4472 Hpg.
1199 4403 1284 4472 Myth
1302 4419 1329 4473 p.
1349 4407 1381 4458 19
1396 4405 1401 4470 Ι
1418 4407 1451 4458 18
1468 4400 1622 4457 tritonidem
1638 4401 1663 4454 D
1678 4402 1702 4455 G

444 4503 446 4506 ·
479 4490 608 4544 tritonide
629 4490 653 4545 N
676 4499 757 4559 utque
783 4491 822 4546 sie
846 4490 927 4557 uulgo
952 4489 1078 4543 scribunt
1115 4487 1279 4543 Tritonideru
1305 4496 1347 4541 est
1371 4487 1450 4540 etiem
1475 4503 1517 4554 ep.
1536 4486 1617 4540 Mer-t.
1636 4485 1700 4553 Cep.

478 4591 504 4642 p.
523 4578 574 4630 340
590 4575 667 4643 Eyss.
685 4574 717 4629 ci
735 4573 823 4643 Neue,
845 4573 935 4630 Fortu.
953 4574 975 4643 1,
992 4575 1111 4640 333119
1128 4587 1270 4640 gorgonam
1287 4571 1313 4624 D
1327 4572 1351 4624 G
1367 4587 1485 4639 gorgone
1501 4570 1526 4626 ll
1545 4571 1617 4638 uulg.
1635 4571 1703 4624 Gor-

478 4673 572 4726 gonem
590 4699 597 4712 .
615 4657 727 4713 fortasse
743 4658 864 4730 Hygiuus
881 4658 1028 4728 promiscue
1044 4656 1112 4711 dixit
1125 4656 1249 4724 Gorgona
1265 4661 1294 4709 et
1307 4655 1456 4722 Gorgonem
1473 4669 1506 4707 ex
1524 4655 1569 4710 Gr.
1589 4649 1704 4734 Popyd-

478 4759 514 4796 να
536 4750 564 4796 et
587 4738 743 4813 Popye'qu
760 4785 768 4800 .
785 4740 917 4812 genitiune
937 4742 1079 4812 singulurIs
1100 4742 1128 4796 iu
1154 4743 1241 4812 mpite
1267 4739 1388 4809 sequenti
1414 4747 1455 4794 est
1480 4739 1616 4810 gorgonis,
1642 4755 1703 4806 gon.

477 4826 545 4896 plur.
563 4827 591 4881 iu
608 4827 641 4882 iis
658 4843 728 4896 quoe
744 4828 904 4884 antecedunt
920 4845 1064 4898 gorgonum
1079 4831 1083 4896 Ι
1095 4831 1131 4906 21
1149 4841 1293 4895 gorgonam
1310 4826 1335 4879 D
1349 4824 1373 4879 G
1387 4823 1414 4880 N
1431 4826 1504 4894 uolg.
1523 4823 1673 4893 Gorgonem
1697 4823 1704 4890 Ι

477 4915 511 4966 22
528 4911 561 4966 de
587 4928 638 4980 quo
656 4913 681 4967 D
698 4913 716 4967 i.
734 4927 758 4968 e.
776 4913 809 4969 de
830 4929 883 4983 qua
907 4930 949 4986 re,
975 4913 1045 4981 περὶ
1072 4907 1108 4966 οὐ
1125 4952 1132 4964 .
1150 4910 1184 4964 de
1209 4925 1263 4980 que
1279 4909 1308 4962 'G
1322 4909 1348 4964 N
1362 4911 1368 4977 Ι
1383 4908 1436 4962 olio
1457 4909 1527 4978 loco,
1558 4912 1581 4963 1.
1600 4907 1674 4962 Voss.
1695 4910 1700 4977 Ι

477 4997 511 5049 23
529 4993 594 5050 XIII
611 4997 659 5055 Ar.
676 4997 775 5054 Phaeu.
795 5003 858 5068 1563
876 4999 974 5053 Getest.
994 5001 1034 5054 13.
