4020 5910
921 745 1112 811 ...y-

407 917 466 976 alia
487 916 524 976 de
545 915 601 976 hac
622 933 656 996 rs
678 913 725 994 (dc
746 931 804 990 qua
834 916 966 992 disputat
986 897 1153 978 Bursianus
1170 915 1201 976 in
1222 913 1306 1000 lictis
1331 895 1531 996 philologieis,
1556 929 1631 991 quae

402 1016 603 1077 inscribuntur
619 1007 819 1077 ‘remunerer
848 1016 896 1077 mr
926 1018 1012 1078 crass.
1033 1018 1110 1078 run
1154 1008 1245 1080 1soe’
1267 1035 1298 1092 p.
1319 1017 1381 1079 soe
1403 1017 1473 1093 aa),
1497 999 1528 1076 ni
1550 1031 1631 1075 com-

405 1116 549 1178 mentario
571 1134 637 1177 meo
658 1134 829 1192 proponam.
859 1115 905 1179 De
926 1118 989 1178 nita
1010 1117 1156 1192 rebusque
1177 1116 1288 1194 Hygini
1317 1115 1413 1178 nostri
1443 1121 1475 1176 et
1499 1114 1537 1177 de
1558 1120 1633 1176 tem·

404 1236 486 1297 pore,
507 1235 564 1293 quo
586 1219 704 1298 uixerit,
725 1237 818 1294 neque
841 1235 878 1280 ex
899 1220 1016 1282 indiciis
1036 1220 1181 1280 librorum
1198 1220 1271 1298 eius,
1292 1219 1342 1294 qui
1364 1217 1497 1292 corrupti
1518 1222 1549 1278 et
1569 1233 1633 1276 mu·

404 1320 483 1378 tlloti
504 1319 542 1378 ad
563 1335 617 1379 nos
639 1325 847 1398 peruenerunt,
876 1337 971 1394 neque
991 1336 1029 1380 ex
1050 1319 1167 1380 dicendi
1186 1335 1304 1397 genere,
1324 1313 1420 1392 neque
1440 1334 1477 1378 ex
1499 1318 1633 1378 testimo·

404 1419 461 1478 niis
483 1423 616 1478 ueterum
635 1419 811 1492 scriptorum
832 1419 907 1478 certi
929 1419 1041 1493 aliquid
1062 1419 1154 1480 statui
1175 1420 1282 1492 potest

490 1517 645 1580 Scribendi
668 1519 754 1598 ratio,
776 1519 813 1580 da
835 1536 892 1594 qua
914 1525 945 1581 et
965 1524 1053 1580 antea
1074 1524 1105 1579 et
1125 1519 1157 1579 in
1177 1519 1314 1593 Prolegg.
1335 1517 1374 1578 ad
1394 1514 1525 1596 Fabulae
1546 1517 1634 1591 plura

403 1621 554 1700 proposui,
574 1621 734 1696 perspicua
754 1622 871 1696 quidem
892 1627 939 1682 est
960 1628 991 1683 et
1007 1621 1235 1700 accommodata,
1256 1620 1309 1681 sed
1325 1624 1405 1682 totns
1422 1618 1565 1681 orationis
1583 1618 1636 1679 ha·

403 1724 482 1785 bitus
505 1741 571 1785 cum
592 1722 624 1784 in
644 1723 767 1798 singulis
789 1723 899 1805 uerbis,
927 1729 988 1785 tum
1019 1725 1050 1785 ln
1081 1723 1238 1786 structuris
1259 1721 1416 1784 uerborum
1438 1738 1457 1782 a
1478 1725 1634 1783 consuetu·

405 1829 473 1890 diuo
495 1833 527 1890 ct
547 1829 693 1904 clogantia
714 1828 891 1904 optimorum
912 1829 1090 1906 scriptorum
1106 1827 1262 1910 abhorret,
1282 1826 1371 1888 immo
1392 1842 1451 1888 nou
1472 1842 1568 1902 pauca
1588 1825 1634 1885 in·

405 1932 576 2012 ueniuntur,
606 1948 680 2006 quac
711 1933 928 1994 excusationem
958 1933 1076 1994 minime
1109 1932 1251 2011 habeant,
1282 1947 1414 2007 quaeque
1443 1930 1537 2006 magis
1567 1946 1633 1990 cum

405 2036 513 2111 puerili
542 2035 728 2109 neglegentia
757 2040 789 2096 et
813 2036 989 2114 temeritate,
1019 2051 1106 2110 quam
1133 2051 1199 2095 cum
1229 2035 1358 2108 cogitata
1388 2034 1547 2094 scribentis
1569 2031 1635 2092 dili·

405 2137 505 2210 gcntia
530 2136 706 2196 conueniant
726 2179 735 2195 .
756 2137 800 2197 sic
821 2137 945 2212 legimus
965 2138 1005 2216 11,
1025 2140 1047 2199 4
1069 2128 1128 2196 ‘De
1149 2137 1206 2196 hoc
1227 2134 1335 2212 iertnr,
1356 2139 1391 2194 ut
1411 2135 1452 2195 sit
1471 2125 1574 2194 Arcas'
1597 2134 1641 2212 11,
1679 2218 1681 2222 Ι

407 2243 447 2302 10
473 2238 518 2300 Do
540 2239 595 2298 hac
616 2237 775 2313 Euripides
797 2242 828 2298 et
849 2237 1010 2314 Sophocles
1037 2242 1068 2298 et
1088 2237 1254 2311 complures
1276 2235 1327 2296 alii
1349 2235 1496 2315 dixerunt,
1517 2238 1551 2296 ut
1571 2234 1636 2309 glo·

405 2344 483 2401 rista
504 2341 544 2402 sit
570 2345 625 2402 etc.
667 2341 706 2419 11,
729 2342 768 2402 31
791 2340 837 2401 Dc
859 2337 919 2402 hoc
941 2341 1049 2402 dicitur
1079 2340 1157 2416 quod
1183 2355 1203 2399 a
1222 2339 1361 2414 Neptuno
1383 2339 1423 2400 sit
1452 2338 1559 2399 missus
1581 2341 1636 2398 etc.

405 2450 435 2504 et
457 2459 532 2518 quae
557 2447 626 2504 sunt
655 2443 714 2502 alia
735 2431 908 2502 eiusmodi.
929 2459 1019 2517 porro
1040 2444 1089 2502 hic
1115 2443 1244 2516 scriptor
1265 2438 1376 2502 dixisse
1402 2440 1521 2501 uidetur
1542 2438 1635 2499 Lace·

405 2546 562 2604 daemones
582 2559 636 2618 pro
658 2541 897 2621 Lacedaemonii,
918 2543 957 2621 ll,
977 2547 1029 2621 22,
1058 2543 1176 2602 Minoes
1205 2559 1261 2616 pro
1289 2541 1412 2620 Minois3
1438 2541 1548 2618 11,14.
1574 2558 1635 2600 me·

405 2644 464 2703 tior
486 2660 572 2704 sensu
594 2640 713 2716 pessino
735 2640 936 2715 accipiendum
962 2646 1008 2701 cst
1029 2643 1103 2719 1,e;
1124 2640 1176 2720 IV,
1203 2643 1257 2719 193
1286 2641 1398 2701 mederi
1424 2658 1489 2700 cum
1512 2657 1635 2700 accusa·

405 2744 466 2805 tiuo
497 2723 683 2817 coniungitur
704 2743 742 2821 ll,
764 2744 793 2803 4.
815 2742 932 2802 alinde
954 2742 1009 2802 hoc
1030 2758 1065 2803 ro
1085 2742 1116 2800 in
1138 2741 1347 2803 commentario
1377 2756 1442 2801 mco
1464 2735 1635 2816 proponam.

489 2845 663 2907 Dositheum
689 2845 860 2918 magistrum
881 2845 913 2904 in
935 2861 970 2906 eo
992 2845 1072 2923 loco,
1101 2844 1152 2903 ubi
1174 2844 1211 2904 de
1233 2843 1386 2904 duodecim
1407 2843 1522 2905 zodiaci
1543 2843 1635 2918 signis

404 2949 543 3027 loquitur,
565 2947 674 3021 Hygini
696 2947 774 3006 libro
796 2946 833 3006 dc
855 2947 1035 3008 astronomia
1056 2963 1141 3006 usum
1163 2961 1242 3018 esse,
1268 2946 1300 3007 id
1322 2946 1402 3021 quod
1421 2947 1555 3006 nonnulli
1576 2946 1636 3006 uiri

406 3049 485 3110 docti
507 3053 625 3128 putant,
647 3050 727 3108 nullo
750 3049 837 3110 modu
860 3049 933 3110 satis
955 3049 1151 3110 demonstrari
1173 3053 1301 3123 potest.
1323 3049 1388 3108 ueri
1410 3049 1506 3110 simila
1535 3048 1635 3124 potius
1675 3051 1678 3058 '

404 3158 450 3213 est
471 3153 644 3213 Dositheum
661 3151 715 3212 has
733 3169 781 3212 res
804 3169 840 3212 ex
857 3151 967 3227 Hygini
984 3151 1162 3228 genealogiis
1181 3150 1363 3226 excerpsisse
1381 3195 1390 3212 .
1406 3168 1439 3212 re
1456 3167 1530 3212 uera
1546 3151 1635 3212 etiam

404 3257 434 3315 in
457 3254 566 3316 iabulis
587 3254 710 3334 Hygini,
740 3255 772 3315 in
801 3272 859 3330 quo
889 3253 967 3316 libro
998 3255 1216 3316 diuersissimas
1238 3255 1355 3315 omnino
1385 3271 1434 3315 res
1456 3258 1636 3333 comparent,

405 3359 545 3418 nonnulla
566 3358 688 3432 legimus
710 3358 747 3418 de
770 3357 820 3434 iis,
851 3359 900 3432 qui
931 3359 1009 3420 inter
1040 3365 1121 3420 astra
1143 3357 1296 3418 constituti
1317 3357 1376 3419 sint
1398 3401 1407 3418 .
1427 3359 1515 3435 plura
1536 3362 1634 3418 antem

405 3480 441 3522 cx
463 3461 572 3537 Hygini
594 3461 672 3521 libro
695 3462 820 3536 sumpsit
841 3462 1015 3537 compilator
1036 3462 1102 3542 illc,
1123 3461 1173 3538 qui
1196 3461 1314 3522 sacculo
1336 3461 1387 3540 Vl,
1407 3478 1462 3522 nec
1483 3465 1517 3522 ut
1537 3459 1636 3523 Maius

405 3570 489 3640 putat
520 3566 637 3626 saeculo
660 3566 686 3625 V
707 3563 754 3642 (cl.
775 3563 864 3644 zinl,
885 3564 948 3626 Dor
968 3565 1123 3640 ilytbolog
1144 3565 1331 3645 Fulgentius,
1360 3565 1529 3641 Wurabnrg
1553 3567 1633 3629 1867

405 3687 434 3741 p.
458 3673 497 3730 13
521 3667 593 3746 sqq.)
614 3685 651 3728 ex
672 3667 791 3746 scruio,
820 3668 990 3746 Fulgentio,
1020 3667 1168 3727 bacmntii
1188 3667 1303 3728 Placidi
1333 3669 1513 3742 argumentis
1538 3668 1635 3729 Meta·

405 3769 600 3842 morphoseon
618 3766 718 3827 Ouidii
740 3769 864 3843 aliisque
883 3768 991 3827 librum
1008 3767 1174 3828 fabularum
1191 3769 1365 3843 composuit,
1382 3756 1525 3843 quemquo
1546 3770 1635 3844 uulgo

405 3869 653 3944 Mythographum
674 3866 851 3929 Uaticanum
872 3869 887 3928 1
909 3885 1047 3930 uocamus
1068 3868 1115 3948 (oi.
1137 3868 1173 3930 Δ.
1190 3869 1260 3944 Mai,
1282 3869 1382 3930 Aucta
1404 3870 1490 3930 class.
1512 3886 1529 3930 a
1551 3869 1636 3931 Uoti-

405 3991 478 4033 cana
499 3973 634 4034 biblioth.
656 3973 701 4034 cd
724 3976 793 4033 tom.
816 3976 845 4053 3,
865 3973 976 4035 Roman
1000 3977 1097 4053 18313
1122 3972 1219 4051 Bode,
1239 3971 1405 4048 Scriptores
1427 3973 1635 4048 mytbographi

404 4081 465 4136 tres
496 4075 663 4136 oiadellis
687 4076 862 4154 1834).in
892 4075 993 4137 codice
1023 4077 1168 4138 Uaticano
1199 4075 1326 4137 saecli
1350 4075 1400 4136 uel
1421 4075 1480 4154 xl,
1509 4089 1546 4136 ex
1576 4091 1634 4148 quo

404 4179 515 4252 primus
545 4178 622 4236 hunc
652 4176 762 4237 librum
793 4177 886 4238 edidit
906 4176 1018 4256 Maius,
1046 4177 1078 4237 in
1107 4173 1165 4236 line
1194 4177 1266 4236 libri
1296 4177 1416 4238 secundi
1438 4177 1512 4238 haec
1533 4176 1635 4236 addita

405 4284 472 4339 sunt
490 4271 636 4362 ‘Explicit
652 4279 729 4338 liber
746 4279 891 4339 secundus
909 4277 940 4340 (i.
958 4279 1067 4355 Hygini
1085 4269 1271 4339 Fabularnm'
1295 4279 1348 4340 sed
1364 4279 1439 4339 hacc
1460 4278 1524 4339 sina
1545 4278 1635 4339 dubio

406 4381 542 4440 inscitiae
563 4378 680 4439 librarii
697 4379 847 4459 debemus,
863 4381 913 4454 qui
930 4381 961 4439 in
978 4380 1034 4440 hac
1051 4379 1200 4453 farragine
1217 4383 1357 4441 nonnulla
1377 4381 1541 4459 inuenerat,
1561 4394 1637 4452 quae

404 4481 493 4540 ctiam
514 4481 546 4539 in
558 4477 668 4554 Hygini
689 4478 776 4540 libris
796 4481 934 4554 leguntur
954 4521 964 4540 .
986 4497 1056 4540 sane
1069 4479 1178 4555 Hygini
1190 4480 1270 4541 hstr.
1292 4480 1449 4542 tribuenda
1470 4485 1539 4542 sunt
1560 4495 1635 4555 quae

403 4585 526 4659 legimus
549 4601 594 4658 op.
619 4587 656 4646 11
680 4580 737 4660 (Ad
758 4599 832 4659 quos
849 4628 857 4645 .
875 4627 883 4644 .
900 4628 909 4646 .
927 4582 1047 4663 ingere),
1068 4600 1114 4660 cp.
1134 4585 1205 4658 106,
1226 4582 1351 4662 (Coruus
1372 4583 1446 4664 eta),
1468 4587 1532 4647 120
1551 4581 1634 4660 (Sepi

404 4694 522 4749 tem
544 4731 552 4748 .
575 4685 767 4767 appellatae),
789 4689 851 4748 234
873 4692 905 4748 et
926 4690 997 4749 244.
1019 4692 1088 4748 sunt
1117 4687 1168 4761 qui
1198 4692 1337 4749 censeant
1366 4687 1455 4748 etiam
1486 4691 1636 4748 auctorem

405 4791 582 4851 scholiorum
604 4790 635 4850 iu
656 4788 743 4851 Arati
760 4790 965 4852 Phaenomcna
981 4788 1092 4868 Hygini
1107 4787 1195 4849 libris
1215 4807 1300 4850 usum
1318 4807 1392 4870 csse,
1409 4790 1461 4851 scd
1482 4790 1540 4851 hoc
1556 4789 1635 4849 iusto

404 4893 490 4955 modo
513 4893 708 4954 demonstrari
730 4909 788 4952 nou
810 4897 938 4966 potest.
960 4893 1082 4953 multum
1105 4897 1203 4952 tamen
1224 4893 1402 4954 auctoritate
1423 4893 1518 4953 ualuit
1539 4890 1636 4966 Hygi-

403 5013 458 5056 nus
480 4997 559 5070 apud
579 4995 725 5058 Isidorum
748 4995 966 5073 Hispalensem,
996 4995 1046 5070 qui
1069 5011 1133 5056 cum
1155 4994 1186 5054 in
1211 5010 1333 5055 numero
1358 4992 1536 5068 scriptorum
1558 4991 1636 5054 anti·
