4020 5910
846 675 1140 789 -sr-⁴
1253 668 1310 694 '¹

335 889 474 957 exercitu
496 889 529 954 in
552 907 625 955 enm
643 888 758 972 locum,
780 889 834 972 qui
851 894 989 974 propter
1011 889 1250 959 multitudinem
1272 890 1418 975 pulueris
1433 890 1565 957 Αιιιιιιο·

340 991 395 1057 des
418 995 469 1058 est
489 991 696 1073 appellatus.
714 991 824 1073 itaque
842 1009 914 1057 curn
936 990 969 1056 in
987 991 1159 1058 maximum
1176 992 1355 1075 periculum
1373 991 1566 1069 senenses,
1649 1029 1652 1034 -

334 1090 418 1172 quod
440 1091 503 1157 iter
524 1091 705 1156 necessario
723 1089 901 1158 iaciendum
925 1109 996 1156 esse
1017 1090 1159 1168 uidebat,
1180 1091 1316 1158 accessit
1337 1096 1566 1173 cautequae

335 1189 472 1254 maxima
493 1190 629 1271 penuria
650 1195 749 1271 esset3
778 1207 840 1270 quo
862 1188 947 1255 iacto
970 1190 1129 1256 exercitus
1160 1191 1201 1255 ad
1233 1189 1443 1257 deiectionem
1465 1190 1565 1256 maxi·
1647 1220 1649 1226 ·

334 1307 417 1354 mam
439 1288 550 1354 uenire
572 1289 770 1372 cogebatur.
790 1289 844 1371 qui
866 1289 942 1354 dum
965 1289 1042 1371 quid
1064 1294 1199 1372 agerent
1216 1290 1366 1372 cogitant,
1387 1290 1472 1356 aries
1490 1290 1563 1372 qui·
1584 1287 1610 1352 b

334 1391 405 1456 ctam
428 1387 563 1457 fortuitu
585 1391 626 1456 ad
649 1390 766 1456 milites
788 1407 932 1457 seorsum
954 1407 1065 1456 errans
1082 1391 1243 1475 peruenit,
1266 1411 1347 1475 quos
1369 1410 1441 1458 curn
1462 1391 1562 1458 uidis-

333 1498 391 1573 set,
412 1491 489 1576 iuga
510 1493 707 1575 praesidium
730 1491 791 1559 sibi
812 1493 941 1577 parauit
959 1541 965 1554 .
983 1490 1103 1560 milites
1125 1498 1242 1575 autem,
1265 1493 1319 1578 qui
1342 1512 1414 1560 eum
1437 1492 1565 1560 fuerant

306 1615 315 1671 ἢ
333 1594 517 1677 conspicati,
539 1593 599 1660 etsi
620 1594 755 1678 puluere
777 1599 811 1662 et
831 1600 922 1662 aestu
943 1595 1047 1677 pressi
1065 1594 1118 1661 uix
1136 1595 1434 1680 progrediebantur,
1456 1601 1564 1664 tamen

303 1703 306 1776 1
333 1702 367 1761 ιιι
389 1697 543 1779 praedam
566 1715 604 1762 cx
626 1696 753 1763 damma
774 1701 940 1780 petentes,
971 1697 1105 1764 arietem
1135 1698 1227 1780 sequi
1258 1702 1433 1782 coepemnt
1463 1714 1565 1781 usque

333 1797 375 1862 nd
398 1817 471 1863 eum
493 1796 612 1879 iocum',
634 1800 689 1881 qui
710 1800 798 1866 Iouis
820 1799 1008 1866 Hammonis
1032 1804 1146 1883 postca
1168 1801 1288 1885 templo
1315 1801 1491 1869 constituto
1514 1799 1629 1868 cst10

334 1900 514 1982 appellatus
537 1949 543 1964 .
567 1919 629 1984 quo
652 1920 722 1967 cum
745 1903 983 1985 peruenissent,
1013 1904 1147 1970 arietem
1178 1921 1287 1986 quem.
1304 1903 1406 1970 secuti
1428 1902 1565 1984 inerant,

334 2021 489 2086 nusquam
513 2003 657 2070 inuenire
679 2010 867 2089 potuerunt3
890 2005 946 2073 sed
965 2007 1051 2091 quod
1068 2006 1172 2090 inagis
1189 2005 1240 2072 his
1258 2005 1364 2074 iuerat
1381 2006 1565 2090 optandum,

332 2125 435 2189 aquae
458 2125 605 2190 inagnum
629 2107 754 2191 copiam
776 2110 809 2175 in
832 2127 870 2176 co
893 2108 963 2177 loco
986 2110 1072 2179 necti
1094 2115 1182 2188 sunt,
1205 2110 1469 2194 recuperatisque
1491 2129 1562 2177 eor-

333 2210 465 2292 poribus
495 2210 613 2278 Libero
645 2211 755 2278 statim
785 2213 1016 2280 urentianerunt
1043 2262 1051 2277 .
1078 2214 1132 2297 qui
1164 2213 1295 2296 gauisus
1326 2212 1368 2279 ud
1399 2231 1455 2278 eos
1485 2212 1565 2280 fines

332 2313 506 2380 exercitum
529 2312 662 2380 deduxit
684 2321 716 2381 et
737 2315 825 2381 Iouis
847 2315 1034 2382 Hammonis
1057 2315 1210 2397 templum
1234 2332 1306 2380 cnm
1329 2314 1473 2382 arietinis
1495 2333 1563 2381 cor·
1582 2313 1626 2382 lb

335 2414 427 2480 nibus
450 2415 621 2481 simulacro
652 2415 737 2482 iacto
769 2417 936 2483 constituit
958 2465 966 2483 .
987 2419 1121 2484 arietem
1151 2417 1236 2483 inter
1266 2417 1375 2483 sidera
1404 2417 1566 2501 figurauii,

333 2517 378 2581 ita
400 2523 437 2582 ut
459 2536 530 2582 cum
554 2519 602 2582 sol
625 2519 658 2583 in
680 2518 749 2584 eius
769 2518 854 2584 ioret
875 2520 979 2602 signo,
1010 2520 1116 2586 omnia
1142 2519 1307 2586 nascentia
1333 2525 1566 2602 recrearentur,

332 2636 414 2700 quoe
436 2619 523 2685 ueris
545 2625 689 2702 tempore
712 2619 881 2701 dianthus
903 2640 938 2686 rc
960 2621 1111 2702 maxime,
1136 2621 1223 2704 quod
1250 2618 1335 2685 illius
1357 2618 1433 2703 iuga
1455 2620 1565 2686 Liberi

332 2722 492 2787 recreauit
508 2723 682 2788 exercitum
701 2771 707 2785 .
724 2727 895 2805 praeterea
907 2723 1150 2806 Xll'signorum
1168 2721 1344 2805 principem
1364 2722 1468 2788 uoluit
1486 2741 1565 2804 esse,

332 2824 417 2904 quod
449 2824 535 2889 illius
567 2824 705 2906 optimus
737 2825 891 2890 exercitui
921 2825 1027 2890 iuerat
1058 2823 1202 2890 ductor.
1224 2823 1282 2889 sed
1314 2825 1361 2889 de
1376 2824 1564 2890 Hammonis
1582 2827 1628 2894 20

331 2924 501 2989 simulacro
532 2926 634 3005 Leon,
665 2926 719 3006 qui
750 2944 802 2991 res
824 2925 999 3008 Aegyptias
1031 2925 1236 3006 conscripsit,
1267 2924 1325 2989 ait:
1357 2923 1437 2989 Cum
1467 2923 1565 2990 Liber

335 3024 513 3108 Aegyptum
537 3031 571 3092 et
592 3027 734 3108 reliquos
756 3026 835 3093 fines
857 3045 955 3109 regno
978 3030 1104 3092 teneret
1130 3029 1164 3091 et
1185 3025 1293 3091 omnia
1318 3025 1442 3109 primus
1463 3026 1566 3092 homi-

331 3127 424 3194 nibus
448 3129 626 3194 ostendisse
649 3130 819 3212 diceretur,
840 3129 1050 3196 Hammonem
1073 3129 1233 3212 quendam
1251 3148 1290 3195 ex
1307 3127 1417 3196 Africa
1439 3129 1566 3197 uenisse

332 3236 365 3296 et
395 3231 521 3315 pecoris
552 3232 789 3300 irruititudincm
821 3233 862 3300 ad
885 3233 1036 3299 Liberum
1069 3232 1255 3314 adduxisse,
1286 3252 1349 3316 quo
1380 3230 1506 3300 facilius
1533 3237 1567 3301 et

331 3334 400 3400 cius
422 3334 527 3416 gratio
549 3339 695 3402 uteretur
717 3342 751 3404 et
772 3336 893 3420 aliquid
916 3336 1037 3419 primus
1059 3335 1221 3403 inuenisse
1238 3335 1401 3403 dicoretur
1422 3383 1430 3402 .
1452 3335 1561 3420 itaque
1579 3336 1625 3404 25

330 3458 390 3522 pro
414 3437 566 3506 beneficio
590 3439 618 3505 ci
640 3440 737 3507 Liber
760 3441 960 3508 existimatur
982 3459 1094 3524 agrum
1118 3438 1259 3523 dedisse,
1290 3440 1344 3522 qui
1375 3444 1427 3506 cst
1447 3444 1560 3508 contra

339 3599 396 3606 --a-
402 3600 419 3606 ,μ
425 3599 513 3608 ..-ῃ-.-
518 3601 524 3606 ι.

399 3678 423 3730 b
441 3682 458 3734 5
473 3667 536 3748 ‘qni’
556 3676 675 3732 deletum
691 3681 733 3732 cst
747 3677 753 3748 1
767 3682 802 3733 2ο
818 3677 945 3733 immonis.
964 3709 997 3718 -
1015 3678 1040 3732 G
1059 3682 1070 3732 1
1086 3675 1193 3732 amodes
1208 3678 1245 3745 16
1264 3677 1368 3733 uenisse
1383 3677 1389 3736 t
1404 3681 1421 3733 3
1438 3676 1561 3747 peruenit

331 3780 423 3820 errans
438 3767 442 3834 1
458 3770 473 3820 7
487 3763 535 3818 sibi
554 3763 713 3834 praesidium
729 3765 734 3834 1
749 3763 857 3820 ducruut
872 3764 877 3832 1
895 3767 926 3821 id
939 3762 1015 3820 struxit
1029 3766 1035 3832 1
1049 3763 1171 3819 hamonis
1186 3764 1191 3831 Ι
1208 3768 1239 3820 17
1254 3763 1330 3833 siguo
1348 3762 1438 3839 ieret!
1455 3766 1487 3820 18
1500 3779 1561 3819 con·

330 3851 397 3907 una
412 3853 416 3919 1
434 3856 465 3908 13
482 3851 643 3922 proptereat
658 3855 693 3908 20
709 3850 804 3907 ductus
822 3850 910 3906 iuerat
925 3853 929 3919 1
945 3856 976 3907 21
997 3849 1191 3921 conscripserat
1205 3852 1210 3918 1
1225 3855 1259 3907 22
1273 3865 1385 3920 regnum
1400 3850 1454 3919 123
1473 3855 1561 3906 oston-

330 3937 393 3993 dere
407 3941 413 4007 1
427 3942 461 3994 24
478 3936 591 3993 duxisse.
609 3966 643 3976 -
666 3936 690 3990 N
710 3942 723 3994 1
741 3936 894 3993 hammodes
908 3938 945 4007 15
963 3937 1083 4006 cogitant
1107 3935 1171 4005 qnid
1198 3938 1329 4005 agerent}
1346 3940 1376 3992 11
1396 3936 1442 4005 qui
1468 3951 1561 3992 conse·

330 4025 384 4079 euti
400 4027 453 4093 120
470 4024 569 4092 suerit!
584 4029 616 4080 21
637 4024 751 4094 scripsit.

330 4157 377 4166 -2-

400 4235 410 4285 l
431 4227 564 4284 ammodes
590 4229 614 4282 D
641 4229 713 4298 urrlg.
735 4226 896 4283 Hammodes
918 4268 925 4282 .
947 4242 1040 4297 graece
1067 4221 1209 4296 ἄμμώδης
1237 4225 1339 4281 dicitur
1354 4225 1391 4294 13
1409 4222 1560 4280 iaciendum

328 4330 386 4371 esse
403 4313 553 4369 necessario
570 4314 594 4368 D
609 4315 633 4368 G
646 4313 671 4368 N
686 4315 690 4381 1
706 4316 721 4370 t
740 4313 803 4368 dum
820 4319 870 4370 etc.
889 4313 913 4367 D
929 4313 953 4368 G
971 4313 1042 4381 uuig.
1061 4311 1125 4382 quid
1142 4317 1254 4382 agerent
1273 4311 1336 4366 dum
1351 4311 1357 4379 1
1372 4314 1389 4367 6
1405 4308 1521 4365 fortuitu
1535 4309 1560 4363 D
1632 4361 1634 4366 .

329 4397 391 4453 GN
409 4399 519 4455 fortuito
537 4399 598 4454 Scir.
615 4400 619 4466 1
634 4413 754 4453 seorsum
779 4396 873 4468 scripsi
899 4413 947 4468 pro
970 4390 1080 4454 ‘eorum’
1101 4412 1143 4453 ex
1168 4396 1303 4453 sententia
1326 4395 1388 4452 sch.
1404 4395 1441 4464 19
1458 4400 1489 4450 nt
1510 4398 1560 4450 etc.

328 4485 394 4540 haec
410 4484 545 4555 prouerbii
562 4483 649 4539 locum
666 4483 795 4552 obtinent,
812 4490 843 4538 ut
860 4484 898 4538 ait
910 4483 948 4538 M.
963 4483 996 4538 ci.
1006 4483 1068 4539 Ter.
1083 4483 1153 4541 Eun.
1168 4489 1193 4554 3,
1206 4487 1231 4554 2,
1249 4483 1303 4551 381
1320 4487 1353 4538 10
1368 4478 1502 4537 sciendum
1520 4484 1562 4536 est

327 4569 353 4621 in
373 4569 397 4622 G
414 4582 520 4637 semper
536 4567 615 4622 scribi
633 4567 755 4624 hammon
773 4568 817 4623 uel
835 4569 940 4638 hamon,
957 4567 1023 4621 inD
1040 4575 1132 4622 autern
1150 4583 1267 4637 ammon,
1286 4567 1419 4636 hammon,
1436 4566 1533 4620 hamon
1552 4606 1558 4621 .

326 4651 419 4720 scripsi
437 4651 535 4720 ubique
544 4651 676 4707 Hammon
691 4653 695 4719 1
712 4656 743 4708 11
762 4666 814 4709 sec.
827 4652 887 4707 DG
904 4651 976 4720 uuig.
990 4651 1127 4707 consecuti
1142 4657 1148 4715 1
1165 4657 1197 4708 12
1207 4651 1234 4721 ,is
1251 4650 1276 4705 D
1293 4657 1325 4706 nt
1342 4664 1424 4720 supra
1440 4664 1481 4718 cp.
1501 4653 1534 4705 17
1553 4648 1558 4716 1

329 4740 362 4790 13
380 4751 433 4791 rec.
451 4750 522 4804 corp.
540 4735 641 4789 DGN
659 4735 731 4804 uulg.
749 4735 959 4804 corporibusque
976 4735 1143 4805 recuperatis
1162 4775 1169 4789 .
1187 4733 1235 4790 sed
1252 4749 1301 4804 pro
1322 4732 1488 4803 recuperatis
1506 4729 1562 4785 ior·

330 4826 399 4873 tasse
417 4817 558 4887 legendum
576 4824 617 4874 est
630 4811 778 4874 ‘recuratis’
797 4818 842 4875 uel
859 4818 929 4889 qnod
947 4817 1039 4874 Susius
1055 4818 1160 4873 inuenit
1176 4817 1204 4872 in
1218 4819 1268 4874 Mc.
1279 4809 1423 4872 ‘recreatis‘
1437 4829 1561 4870 recreare

329 4907 370 4956 cst
388 4903 467 4956 etiam
486 4903 513 4956 in
531 4918 586 4971 sqq.
602 4904 608 4971 1
624 4906 657 4958 14
670 4909 744 4958 nunt.
758 4903 783 4956 Ι)
798 4903 821 4958 G
839 4904 912 4972 uuig.
925 4902 1122 4958 nunciaueruut
1137 4901 1142 4972 Ι
1159 4905 1191 4958 15
1205 4901 1333 4957 emmonis
1347 4901 1371 4955 D
1385 4899 1410 4955 N
1425 4899 1430 4969 1
1447 4903 1479 4956 18
1491 4897 1563 4954 flunt

330 4989 352 5042 b
367 4987 391 5044 N
409 4989 481 5056 urdq
500 4987 616 5045 condunt
631 4991 636 5060 1
651 4989 718 5043 iiber
737 4989 758 5044 (i
774 4988 798 5044 N
814 4992 868 5059 1211
885 4989 939 5059 illc,
958 4995 975 5046 2
992 4988 1069 5045 Voss.
1083 4986 1193 5059 licuerat
1210 4987 1234 5042 Ι)
1248 4987 1272 5043 G
1290 4986 1361 5056 undu.
1376 4983 1465 5042 suerit.
