4016 5914
858 743 1090 810 -115-·

362 936 449 998 mus,
481 902 584 983 alienu·
652 914 780 980 uidetur
806 930 876 980 csse
906 928 965 979 nos
994 929 1058 977 non
1089 911 1221 978 eundem
1253 905 1403 993 persequi
1431 925 1590 976 censum.

362 1036 481 1104 quare,
512 1015 589 1084 sicut
617 1021 691 1082 ente
713 1014 863 1095 diximus,
891 1013 933 1079 od
954 1013 1115 1096 inceptum
1144 1013 1345 1078 reuertemur
1367 1012 1458 1077 utut
1481 1029 1590 1079 neces·

373 1118 461 1184 surio
484 1116 619 1181 totidem
641 1113 749 1179 uerbis
773 1113 813 1180 de
842 1113 919 1177 luno
948 1129 986 1177 uc
1016 1111 1083 1176 sole
1110 1110 1216 1177 dicere
1245 1111 1420 1190 uideamur,
1449 1111 1589 1176 dicemus

364 1218 426 1284 its:
453 1216 577 1281 Lunum
600 1232 660 1296 per
681 1213 762 1278 ullos
785 1215 914 1279 exortus
936 1215 970 1277 ιι
990 1227 1123 1277 occasus
1142 1227 1272 1277 necesse
1294 1213 1343 1276 est
1363 1209 1499 1292 moueri,
1525 1229 1589 1277 non

366 1321 470 1400 stere3
500 1315 598 1398 idque
619 1311 743 1379 lucilius
765 1330 861 1396 quum
883 1310 923 1377 ιιι
944 1311 1012 1378 sole
1037 1310 1113 1378 licet
1141 1309 1356 1395 intellegere.
1378 1311 1589 1393 nequeenim
1611 1315 1632 1383 l'r

364 1423 433 1486 tum
456 1434 589 1502 magnus
612 1415 709 1482 endor
731 1413 799 1481 eius
822 1418 884 1496 est,
914 1418 951 1481 ut
981 1411 1101 1481 olllclut
1130 1413 1230 1481 oculis
1259 1412 1390 1498 nostris3
1419 1431 1523 1497 neque
1553 1417 1591 1480 ut

368 1521 418 1588 sol
440 1519 508 1587 dios
530 1519 622 1585 XXX
646 1535 838 1600 unoquoque
860 1516 950 1600 signo
973 1516 1114 1597 uehitur,
1142 1520 1180 1584 ut
1201 1513 1328 1583 difficile
1355 1514 1398 1582 sit
1418 1515 1591 1598 intellectu,

368 1628 490 1706 quantu
511 1621 673 1704 particulo
694 1618 821 1685 luminis
843 1624 900 1685 ant
920 1617 1021 1700 ipsius
1043 1617 1125 1702 signi
1148 1636 1315 1701 superesse
1336 1619 1497 1697 uideatur,
1519 1637 1591 1685 cum

367 1725 409 1791 ud
432 1723 522 1790 eliud
545 1721 710 1789 transierit
733 1720 859 1804 signum
880 1767 887 1784 .
909 1718 1018 1785 lunum
1049 1721 1133 1786 enlm
1164 1737 1235 1788 cum
1264 1719 1376 1787 diebus
1398 1721 1506 1786 XXX·
1527 1719 1591 1787 XII

368 1827 460 1910 signu
483 1829 664 1908 percurrat,
696 1823 771 1889 licet
797 1822 997 1905 intellegere,
1027 1821 1059 1887 ll
1082 1820 1194 1888 dicbus
1224 1826 1258 1889 et
1278 1823 1324 1889 VI
1345 1822 1432 1890 lmrls
1463 1823 1496 1890 in
1527 1822 1591 1891 alio
1611 1828 1653 1894 10

370 1929 461 2013 s'iqno
487 1947 558 1995 osso
580 1975 588 1991 .
610 1926 691 1994 lronc
713 1929 820 1992 uultum
842 1943 913 1992 cum
936 1942 955 1991 n
977 1923 1045 1991 sole
1067 1923 1173 1990 lumen
1195 1924 1344 2009 accipiet,
1361 1929 1407 2004 ,et
1431 1924 1479 1994 ito
1499 1923 1592 1994 nobis

369 2034 476 2100 luceru
500 2031 661 2112 uideatur,
691 2049 755 2096 non
785 2033 835 2096 ost
857 2027 1053 2096 uerisimile
1079 2027 1119 2094 ιιι
1141 2032 1207 2095 tan
1229 2027 1337 2094 multis
1360 2028 1463 2097 censis
1485 2027 1593 2114 potius

370 2154 442 2202 eum
464 2139 550 2201 sture
572 2152 668 2215 quum
689 2131 813 2198 moueri
834 2178 842 2196 .
864 2131 892 2196 si
914 2130 997 2197 enim
1019 2147 1077 2196 sno
1099 2129 1219 2196 lumine
1240 2133 1395 2214 uteretur,
1414 2130 1494 2197 illud
1516 2150 1594 2215 quo·

366 2254 433 2318 quc
463 2235 659 2317 sequebatur
689 2253 760 2299 cum
790 2249 917 2316 semper
946 2231 1112 2315 aequalem
1144 2249 1214 2298 esse
1249 2235 1414 2316 oportere,
1447 2251 1506 2300 nec
1541 2233 1595 2301 (lie

369 2336 530 2405 tricesimo
553 2341 618 2403 tarn
642 2336 754 2403 exilem
777 2339 834 2402 eut
855 2334 982 2402 omnino
1005 2333 1125 2401 nullum
1146 2333 1258 2416 uideri,
1280 2353 1352 2402 cum
1369 2338 1472 2402 totum
1490 2337 1654 2406 trans-15

371 2439 475 2523 egerit
497 2456 639 2519 cursum,
669 2438 847 2504 solantem
877 2435 919 2502 ud
941 2435 1029 2530 uliud
1052 2435 1188 2502 trunsire
1214 2437 1339 2521 signum
1359 2435 1595 2522 intellegetur.

370 2543 542 2624 praetereo
564 2540 592 2607 si
614 2558 672 2606 sno
695 2539 813 2606 lumine
844 2543 1003 2620 uteretur,
1033 2538 1127 2605 huius
1158 2557 1330 2622 numquam
1361 2539 1494 2624 eclipsin
1525 2539 1595 2610 fieri

373 2642 573 2726 oportebat.
595 2642 651 2709 seul
674 2661 714 2709 ne
745 2641 876 2708 dubium
898 2640 966 2724 fiet,
998 2660 1096 2726 quere
1127 2641 1204 2709 solis
1235 2641 1361 2726 eclipsis
1383 2642 1451 2710 lieri
1483 2645 1595 2730 possit,

372 2747 428 2829 qui
452 2745 598 2828 utrisque
620 2745 727 2811 lumen
749 2747 826 2812 dare
848 2763 946 2828 supro
967 2743 1011 2811 sit
1033 2743 1149 2825 dictus,
1170 2744 1265 2812 lunue
1287 2749 1394 2812 eutem
1415 2765 1480 2813 non
1501 2746 1596 2816 ieoile
1676 2747 1678 2751 ’

367 2846 436 2929 fiet,
458 2865 530 2913 cum
552 2846 656 2913 alieno
676 2846 795 2912 lumine
811 2849 935 2913 ututur:
958 2845 1026 2912 eius
1048 2845 1126 2912 hoec
1143 2845 1319 2927 uerissima,
1340 2850 1377 2914 ιιι
1394 2847 1596 2932 arbitramur,
1613 2851 1656 2916 20

371 2953 421 3016 est
443 2967 541 3015 cuuse
562 2993 569 3012 .
592 2947 668 3014 luno
690 2947 774 3014 enim
797 2966 868 3015 cum
890 2966 928 3014 ex
950 2951 1019 3014 toto
1042 2946 1160 3015 mundo
1183 2950 1216 3015 et
1237 2947 1383 3014 omnibus
1404 2949 1507 3016 stellis
1528 2968 1596 3018 mu-

371 3052 455 3118 rimc
478 3055 584 3118 terme
606 3050 754 3134 proximo
775 3050 936 3133 mulcatum,
967 3054 1000 3118 et
1022 3050 1063 3118 uel
1093 3050 1178 3141 ecies
1204 3054 1331 3118 nostrus
1352 3052 1534 3134 perueniat,
1563 3057 1598 3121 et

366 3154 511 3238 quodum
533 3159 677 3237 tempore
700 3159 827 3220 torrens
847 3153 1017 3236 perueniat
1037 3152 1079 3219 od
1110 3155 1246 3220 eundern
1272 3154 1377 3220 locum
1408 3154 1502 3239 signi,
1532 3173 1595 3240 quo

372 3257 421 3324 sol
451 3257 592 3339 uehitur,
623 3257 796 3323 obscurare
824 3254 931 3323 lumen
962 3257 1030 3324 eius
1057 3275 1077 3322 a
1102 3260 1212 3324 nostro
1240 3261 1410 3341 conspectu
1437 3257 1597 3326 uidetur.

373 3359 434 3427 hoc
464 3365 571 3428 autom
603 3360 739 3426 maximo
770 3361 878 3428 euenit
908 3359 959 3427 die
990 3359 1182 3443 nouissimo,
1214 3379 1287 3428 cum
1321 3361 1396 3427 luno
1431 3362 1596 3431 transierit
1614 3359 1657 3430 25

446 3595 470 3648 1)
490 3597 503 3647 1
523 3610 576 3650 non
598 3610 648 3650 om.
663 3595 700 3662 13
718 3593 854 3650 uideamur
870 3634 878 3649 .
896 3593 1021 3648 Dicemus
1047 3593 1086 3649 its
1110 3593 1201 3650 lunum
1217 3595 1272 3652 sole
1287 3598 1323 3665 18
1340 3595 1446 3652 uidetur
1463 3595 1527 3666 quin
1544 3596 1596 3670 sd!

372 3684 408 3735 ’10
421 3677 513 3734 diebus
529 3678 601 3746 cml
618 3683 649 3734 13
658 3693 763 3747 quoque
779 3677 939 3746 uidebatur!
955 3679 988 3734 14
996 3684 1119 3749 oportere
1136 3678 1251 3749 deberet
1268 3684 1300 3738 15
1313 3681 1486 3752 mungerii!
1503 3686 1535 3739 17
1549 3697 1596 3738 uo·

376 3763 476 3818 lumino
491 3764 496 3831 Ι
511 3768 545 3819 22
562 3763 684 3833 proxime
705 3768 783 3818 terre„
803 3791 835 3802 —
853 3763 878 3817 G
894 3766 912 3818 4
927 3769 1001 3818 ortus
1014 3763 1052 3834 16
1069 3764 1152 3820 oculls
1177 3766 1272 3822 nostris
1298 3764 1400 3824 olllclut
1419 3768 1424 3836 Ι
1443 3770 1461 3824 0
1477 3766 1600 3825 nidestnr

370 3862 516 3919 ,superesse
536 3849 541 3917 Ι
564 3851 595 3905 m
613 3848 689 3902 XXX
703 3849 709 3917 Ι
723 3850 757 3904 25
774 3847 864 3902 euenit
880 3862 930 3908 om.
948 3877 983 3888 -
1000 3846 1026 3903 N
1042 3852 1060 3904 4
1076 3848 1154 3904 Lunu
1178 3864 1196 3904 e
1220 3849 1277 3906 sole
1301 3864 1349 3920 per
1363 3852 1369 3919 Ι
1383 3855 1401 3908 0
1417 3850 1474 3907 eius
1496 3851 1575 3908 ertlor
1593 3851 1597 3922 Ι

381 3939 414 3989 10
431 3948 489 3989 csse
513 3933 541 3988 in
566 3932 618 3989 ello
643 3933 738 4004 signo!
755 3937 787 3989 13
804 3947 863 3988 eum
879 3934 950 4001 ouul
968 3937 999 3988 17
1017 3932 1135 4003 eclipsim
1149 3933 1156 4002 Ι
1169 3938 1204 3990 20
1221 3933 1287 3990 mcc
1303 3949 1353 3990 orn
1368 3936 1374 4001 Ι
1389 3925 1473 3991 ui‘et
1489 3933 1601 4006 quodum

376 4061 384 4075 .
403 4060 410 4074 .
429 4058 436 4072 .
454 4011 599 4089 peruenist'
619 4033 669 4074 om.
684 4021 689 4084 Ι
704 4019 738 4073 25
755 4018 846 4074 euenit
862 4017 982 4074 maxime.

446 4241 463 4292 2
479 4251 536 4294 rcus.
554 4237 578 4290 Il
593 4233 653 4291 (lN
671 4235 743 4304 rurrlp.
760 4243 934 4305 reuertemur,
952 4234 986 4293 cl.
1003 4251 1085 4306 supro
1101 4251 1143 4308 cp.
1164 4241 1193 4294 11
1209 4237 1215 4305 1
1229 4243 1257 4295 ιι
1275 4245 1305 4294 nt
1323 4239 1470 4296 nccossurio
1488 4282 1494 4297 .
1512 4281 1520 4298 .
1538 4283 1546 4317 3
1564 4239 1602 4297 uli·

378 4336 439 4378 rure
458 4320 603 4391 uldmmur,
621 4321 659 4376 ltu
676 4321 801 4392 dicemus,
821 4325 832 4378 1
852 4321 933 4392 Vossq
951 4321 1022 4392 rrurlg.
1040 4326 1068 4378 ct
1085 4322 1231 4380 necessario
1248 4367 1255 4380 .
1273 4366 1280 4378 .
1299 4365 1306 4380 .
1324 4324 1380 4382 sole
1397 4325 1525 4400 dicemus,
1542 4327 1599 4399 ite!

376 4413 395 4465 4
409 4409 512 4464 Lunum
529 4414 579 4466 ctu
597 4408 730 4480 llyginum
748 4409 866 4478 sequitur
883 4407 975 4466 isidor.
994 4409 1077 4484 u.,1t
1094 4426 1135 4481 cp.
1151 4415 1183 4468 19
1200 4417 1228 4466 ιι
1244 4412 1326 4468 schol.
1339 4412 1430 4469 Bedse
1444 4413 1485 4470 Ile
1502 4421 1602 4484 tempo·

378 4511 438 4550 rum
461 4494 564 4550 ratione
589 4510 628 4564 cp.
648 4493 840 4564 2310111ιο
862 4493 934 4564 nulg.
956 4493 1117 4566 intelligere,
1138 4495 1165 4551 lu.
1183 4496 1201 4552 l.
1223 4503 1251 4552 ιι
1272 4496 1300 4552 in
1321 4513 1376 4567 sqq.
1391 4499 1429 4569 10
1445 4498 1511 4556 lunc
1532 4499 1603 4556 enim

381 4620 388 4634 .
408 4623 414 4636 .
435 4621 440 4632 .
459 4578 532 4636 horis
549 4579 638 4634 lunum
656 4579 684 4633 ln
701 4585 752 4633 etc.
769 4578 794 4631 Ι)
814 4578 837 4633 G
855 4583 883 4634 ιι
900 4577 939 4633 sic
955 4579 1036 4648 uulgo
1053 4579 1172 4636 scribunt
1189 4621 1196 4635 .
1214 4580 1285 4652 quod
1302 4581 1371 4653 (ledi,
1387 4583 1487 4640 hebent
1503 4583 1530 4640 N
1547 4583 1605 4641 ulli·
1710 4579 1712 4586 ’

373 4680 429 4734 quc
444 4665 449 4733 Ι
464 4664 557 4720 diebus
582 4671 632 4720 etc
651 4663 804 4733 DGuulg.
822 4661 958 4719 duodecim
985 4664 1061 4735 signu
1077 4663 1170 4722 diebus
1192 4666 1301 4736 triginta
1315 4671 1320 4737 Ι
1335 4669 1412 4724 XXX
1430 4710 1437 4726 .
1455 4669 1604 4727 accuratius

381 4750 476 4805 delinit
492 4750 595 4805 Plinius
607 4751 641 4804 ll.
655 4750 689 4806 N.
708 4755 733 4819 2,
749 4754 766 4806 0
781 4749 786 4817 Ι
803 4753 833 4804 11
852 4749 920 4804 hunc
937 4748 961 4803 D
978 4749 1005 4804 N
1023 4748 1095 4820 uulg.
1111 4751 1197 4820 huuc!
1213 4756 1245 4808 1s
1258 4753 1365 4808 etmel>
1380 4754 1443 4812 GN
1456 4753 1528 4826 uulg.
1545 4771 1606 4812 con·

378 4841 451 4891 stare
465 4837 470 4903 Ι
485 4835 507 4890 sl
525 4841 575 4889 etc.
598 4835 661 4890 hinc
681 4832 810 4888 nonnulle
830 4833 942 4904 sumpsit
963 4833 1052 4891 isidor.
1071 4834 1103 4890 N.
1122 4834 1154 4891 lt
1172 4851 1212 4907 cp.
1233 4838 1332 4906 18116
1350 4839 1422 4910 unlp.
1447 4839 1505 4897 sole
1523 4881 1530 4896 .
1547 4840 1606 4898 Mo·

379 4919 438 4976 dius
462 4920 528 4976 noni.
546 4920 585 4976 sol
600 4921 606 4991 1
620 4919 668 4974 int
686 4920 712 4972 D
730 4918 800 4988 uulg.
824 4917 987 4989 intelligetur
1001 4920 1007 4988 1
1021 4923 1053 4976 21
1072 4919 1137 4977 lune
1153 4926 1203 4978 etc
1221 4919 1254 4978 ci.
1273 4921 1362 4982 lsidor.
1381 4924 1414 4981 N.
1427 4925 1460 4982 rt
1477 4941 1518 4998 cp.
1537 4927 1578 4983 20.
1598 4926 1603 4997 Ι

378 5010 413 5063 23
431 5004 535 5062 Μοιιίιιι
556 5006 622 5062 coni.
640 5003 715 5061 uelut
732 5008 842 5062 torrens.

1375 5104 1400 5147 80
