4020 5910
829 687 1218 781 ‘-2a-‘'

377 887 511 966 propter
533 882 735 950 interiectum
757 888 875 965 terrae,
896 901 978 965 quae
1000 885 1135 964 propter
1157 882 1306 948 ardorem
1329 898 1393 946 non
1415 879 1610 947 habitatur.
1645 901 1649 920 ‘

375 984 431 1048 sed
455 1001 526 1047 eum
548 982 695 1050 uidemus
716 981 799 1048 hanc
821 983 983 1063 regionem
1007 982 1163 1062 sphaerae
1186 981 1339 1064 habitari,
1370 981 1458 1046 illarn
1482 998 1608 1062 quoqne

376 1083 409 1148 in
433 1082 528 1148 simili
551 1102 648 1149 cansa
669 1101 766 1166 posse
788 1082 940 1148 constitui
963 1083 1172 1163 suspicamur.

890 1344 895 1356 u
902 1341 1068 1358 ΛΛΛΛΛΑΛΛΑ
1085 1346 1095 1356 υ

721 1547 908 1633 LIBER
936 1545 1262 1632 SECUNDUS.

461 1842 524 1908 Sed
547 1841 697 1926 quoniam
722 1861 804 1924 qnae
826 1843 918 1909 uobis
942 1842 982 1908 de
1004 1847 1111 1908 terrae
1133 1839 1294 1923 positione
1316 1837 1451 1904 dicenda
1473 1837 1651 1920 lucranti)

376 1948 413 2009 et
434 1945 604 2026 sphaeram
635 1948 737 2009 totam
770 1943 981 2024 definiuimua
1011 1962 1095 2009 nuruc
1117 1961 1199 2025 quac
1230 1943 1263 2006 in
1286 1961 1325 2006 ea
1347 1941 1438 2022 signa
1460 1941 1526 2005 sint
1547 1939 1610 2004 sin-

376 2045 511 2126 gillatim
543 2044 807 2109 nominabimus.
830 2064 848 2108 e
875 2045 990 2125 quibus
1020 2045 1120 2126 igitur
1150 2043 1289 2124 primum
1321 2040 1401 2105 duas
1433 2041 1549 2107 Arctos
1581 2046 1614 2106 et

375 2145 565 2225 Draconem,
588 2145 704 2208 deinde
727 2144 964 2226 Arctophylaca
986 2163 1058 2210 cum
1080 2143 1208 2208 Corona
1231 2142 1375 2207 dicemus
1398 2147 1432 2207 et
1454 2161 1536 2221 eum,
1558 2141 1614 2223 qui

375 2245 560 2328 Engonasin
582 2251 731 2328 uocatum
763 2245 878 2310 exinde
899 2246 1017 2327 Lyram
1049 2263 1120 2310 cum
1143 2243 1241 2308 Olore
1272 2247 1305 2308 et
1327 2242 1456 2324 Cepheo
1489 2241 1612 2308 eteius

376 2366 477 2412 errore
499 2347 665 2428 Cassiepia
687 2346 816 2428 filiaque
840 2346 1136 2411 eiusAndromeda
1159 2349 1191 2409 et
1213 2362 1331 2426 genero
1355 2344 1473 2408 Perseo
1497 2389 1504 2404 .
1528 2343 1612 2407 dice·
1633 2348 1674 2412 10

377 2467 448 2512 urus
482 2448 578 2512 etiam
611 2448 759 2530 protinus
781 2449 950 2530 Aurigam,
979 2447 1154 2514 aGraeeis
1175 2445 1377 2512 Heniochum
1408 2445 1616 2527 appellatum,

342 2539 344 2543 ⁴
381 2548 584 2630 Ophiuchum
607 2554 776 2630 praeterea
799 2568 869 2614 cum
892 2548 1010 2630 Aquila
1032 2554 1065 2613 et
1087 2547 1211 2629 Sagitta
1233 2566 1399 2629 paruoque
1421 2545 1581 2628 Delphina
1605 2590 1614 2610 .

377 2648 453 2712 inde
475 2649 602 2729 Equum
626 2650 767 2714 dicemus
790 2668 861 2713 eum
885 2666 923 2713 eo
946 2650 1062 2728 sidere,
1092 2649 1179 2728 quod
1200 2647 1355 2712 Deltoton
1377 2651 1514 2711 uocatur
1535 2693 1542 2708 .
1565 2645 1615 2710 his

377 2749 567 2828 corporibus
591 2748 795 2830 enrrmeratiS,
826 2747 867 2812 ad
902 2749 1068 2813 duodecim
1092 2748 1184 2829 signa
1206 2747 1456 2829 perueniemus.
1480 2765 1518 2811 ea
1540 2753 1617 2810 scrut

376 2850 468 2915 haec:
499 2849 607 2934 Aries,
638 2851 777 2934 'lomna
809 2850 948 2935 Gumirri3
975 2850 1090 2916 deinde
1110 2849 1235 2915 (laneer
1261 2868 1332 2916 cum
1354 2848 1462 2915 Leone
1485 2851 1519 2914 et
1540 2847 1674 2917 Uir-15

374 2953 463 3038 gine3
495 2959 665 3036 praeterea
687 2955 795 3037 Libra,
826 2954 958 3020 dimidio
987 2974 1064 3038 pars
1086 2953 1270 3037 Scorpionis
1301 2958 1334 3019 et
1364 2953 1435 3036 ipse
1460 2951 1613 3035 Scorpius

380 3075 449 3120 cum
474 3056 648 3138 Sagittario
672 3063 708 3147 et
728 3057 937 3141 Capricorn03
959 3057 1121 3142 Aquarius
1146 3061 1253 3122 autem
1277 3076 1348 3122 cum
1370 3055 1517 3122 Piscibus
1539 3055 1614 3121 reli·

380 3179 460 3242 quas
482 3160 581 3225 habet
601 3167 712 3242 partes
734 3209 742 3226 .
764 3163 814 3226 his
833 3164 1037 3240 enumeratis
1058 3179 1116 3227 sue
1136 3160 1249 3226 ordine
1267 3165 1317 3226 est
1335 3159 1432 3226 Cetus
1450 3177 1520 3226 eum
1539 3158 1613 3224 Eri·

377 3261 460 3326 dano
483 3261 612 3328 ilrnuine
631 3268 664 3328 et
680 3264 820 3347 Lepore,
842 3264 958 3330 deinde
976 3265 1075 3330 Orien
1099 3283 1169 3329 cum
1184 3262 1271 3329 Cane
1294 3267 1327 3328 et
1345 3281 1383 3327 eu
1401 3262 1503 3344 signo,
1526 3262 1612 3344 quod

377 3365 523 3446 l‘rocyon
543 3371 678 3431 uocatur
697 3413 705 3430 .
722 3371 892 3448 praeterea
911 3372 961 3433 est
973 3368 1060 3449 Argo
1079 3385 1149 3432 cum
1165 3365 1325 3431 Centauro
1345 3369 1379 3430 et
1396 3367 1473 3429 Ara:
1496 3362 1613 3430 deinde
1630 3369 1673 3434 20

376 3467 488 3549 'Hydra
511 3486 582 3532 cum
605 3468 696 3534 Pisce
719 3469 773 3550 qui
795 3469 903 3536 notius
925 3473 1060 3536 uocatur
1082 3516 1089 3532 .
1111 3467 1226 3534 horum
1250 3466 1390 3532 omnium
1413 3483 1477 3532 non
1500 3465 1613 3532 inutile

446 3687 470 3738 D
489 3690 505 3741 a
522 3687 631 3742 inerant
654 3689 659 3750 1
682 3693 700 3743 8
717 3689 896 3743 arctoiilacam
920 3691 925 3756 Ι
950 3694 983 3744 12
996 3689 1144 3756 Ophiucum
1163 3687 1169 3755 Ι
1190 3687 1288 3740 deliine
1303 3689 1308 3753 l
1325 3691 1357 3742 10
1374 3684 1509 3754 dimedio!
1524 3691 1555 3742 21
1572 3685 1611 3739 hi·

376 3767 425 3822 dra
439 3769 445 3835 Ι
460 3774 538 3823 notus
552 3771 557 3838 Ι
573 3771 646 3825 utile.
674 3801 708 3811 -
734 3773 759 3824 G
780 3776 797 3826 6
819 3779 882 3826 sunt
901 3774 906 3838 Ι
926 3777 959 3826 10
986 3771 1129 3839 cassiopeia
1144 3772 1149 3837 Ι
1163 3769 1344 3838 andromadal
1362 3774 1393 3825 12
1420 3770 1607 3839 Ophynieuml

380 3856 412 3907 14
434 3853 486 3906 ΧΠ
501 3855 506 3920 Ι
523 3858 555 3909 ld
579 3854 691 3908 thauros
706 3855 711 3922 Ι
728 3859 760 3911 19
782 3854 865 3910 iiuuio
881 3857 885 3923 Ι
900 3861 936 3912 20
951 3852 1101 3924 ‘praeterea
1119 3897 1125 3909 .
1145 3895 1176 3908 ..
1199 3853 1319 3908 uocatur’
1341 3869 1392 3908 em.
1410 3881 1445 3892 -
1462 3851 1522 3908 NG
1549 3852 1611 3906 diei·

378 3952 438 3991 mus
455 3953 565 3992 eexeum
588 3979 595 3994 .
618 3941 663 4009 qui
679 3941 684 4008 Ι
701 3943 734 3995 10
752 3941 810 3996 eius
835 3957 886 3995 om.
902 3944 907 4008 l
922 3941 1032 3994 dicimus
1048 3940 1052 4006 Ι
1070 3943 1101 3994 13
1128 3937 1239 3993 dicimus
1252 3938 1259 4006 Ι
1273 3937 1329 4006 llys
1344 3939 1350 4006 Ι
1366 3941 1399 3992 14
1419 3936 1610 4006 peruenimusl

378 4025 410 4076 17
428 4031 517 4076 autem
535 4039 586 4079 om.
602 4024 607 4094 Ι
624 4029 656 4080 18
673 4025 731 4095 llys
745 4026 750 4092 Ι
765 4031 800 4081 20
817 4025 914 4080 dieitur
929 4028 934 4094 Ι
949 4031 980 4082 21
1001 4026 1059 4080 idra
1073 4025 1077 4092 Ι
1093 4024 1192 4078 noeius.

449 4217 466 4267 4
484 4213 565 4280 uulgo
583 4213 703 4267 scribunt
717 4207 770 4268 ‘De
787 4202 922 4282 signorum
940 4214 1094 4269 coelestium
1112 4211 1237 4267 historiis.
1264 4211 1346 4266 Liber
1363 4206 1500 4266 seeundua'
1521 4253 1528 4266 .
1546 4210 1612 4265 lroee

379 4295 469 4348 omnia
486 4311 536 4350 em.
556 4297 581 4349 D
596 4298 620 4350 G
633 4297 659 4350 N
673 4299 678 4366 l
693 4299 773 4354 Gaint
784 4299 843 4353 DN
857 4300 929 4367 uulg.
944 4307 1007 4354 sunt
1021 4303 1026 4368 Ι
1041 4297 1197 4366 singillatim
1214 4296 1239 4349 D
1257 4295 1393 4364 sigillatim
1407 4295 1464 4350 GN
1480 4295 1486 4364 1
1500 4300 1612 4351 Garato-

330 4381 332 4386 '
376 4380 482 4448 philaca
502 4380 563 4434 GN
580 4384 584 4451 Ι
600 4387 627 4436 et
645 4398 704 4437 eum
723 4383 747 4436 D
762 4385 784 4438 G
804 4385 876 4453 urdg.
896 4384 1171 4453 Geteum.inira1,i'›
1188 4397 1250 4436 uam
1268 4381 1291 4436 is
1309 4381 1354 4450 qui
1372 4381 1399 4435 in
1417 4380 1497 4435 astris
1514 4379 1612 4435 dieitur

375 4465 541 4536 .lingonasin;
561 4467 609 4536 iil,
626 4473 642 4523 0
661 4474 689 4523 et
705 4474 722 4524 7
738 4459 805 4526 ‘eius
822 4471 867 4540 qui
885 4471 952 4542 ilug.
971 4467 1088 4525 rroootur'
1109 4511 1115 4523 .
1134 4467 1205 4538 quod
1222 4465 1295 4538 dedi,
1323 4468 1375 4521 ium
1394 4467 1481 4523 uoluit
1497 4466 1612 4535 Medius,

376 4551 559 4620 Novantiquoe
577 4553 726 4610 Lectiones.
755 4556 925 4611 lirancoiurti
945 4559 1011 4612 1584
1028 4571 1054 4625 p.
1073 4557 1106 4611 lh
1122 4556 1126 4623 Ι
1142 4559 1158 4609 0
1176 4554 1252 4617 liram
1270 4553 1354 4622 DN!
1371 4559 1403 4610 10
1420 4553 1492 4622 uulg.
1511 4552 1612 4609 (lassio-

376 4636 438 4705 peia
454 4637 481 4690 h.
500 4637 518 4690 1.
537 4643 566 4691 et
583 4638 659 4708 aiibi,
686 4656 765 4708 quiam
792 4639 923 4696 scribendi
950 4641 1080 4695 rationem
1106 4645 1198 4693 seruat
1216 4639 1240 4693 G
1259 4679 1265 4692 .
1284 4638 1377 4708 scripsi
1404 4639 1525 4693 omnibns
1547 4637 1613 4692 locis

377 4721 513 4789 cassiepia
530 4739 562 4776 ex
577 4724 601 4777 D
616 4723 642 4777 N
656 4725 662 4794 Ι
678 4730 710 4780 10
728 4725 836 4795 liliaque
853 4726 911 4781 eius
924 4725 949 4779 D
963 4727 987 4780 G
1000 4725 1071 4794 uulg.
1080 4723 1189 4793 liliaque
1203 4724 1210 4792 Ι
1227 4727 1257 4778 11
1271 4723 1429 4779 lrcniochum
1438 4723 1463 4777 D
1472 4722 1612 4779 cnioehum

378 4807 441 4863 (iN
460 4808 532 4878 mrlg.
544 4800 681 4878 Ἡνίοχοι1
695 4811 700 4880 Ι
717 4816 749 4866 12
765 4811 855 4882 ceurila
881 4818 909 4867 ct
930 4826 984 4880 sag.
1002 4810 1027 4864 D
1042 4809 1103 4865 GN
1121 4809 1193 4879 uulg.
1212 4809 1316 4880 Sagitta
1333 4811 1368 4883 {et
1383 4811 1434 4878 Aq.
1450 4808 1456 4881 Ι
1472 4813 1505 4866 18
1522 4819 1613 4865 coetus

376 4893 402 4946 D
415 4892 441 4947 N
456 4895 461 4961 Ι
477 4897 510 4950 18
522 4893 649 4950 heridano
667 4895 727 4950 DN
742 4899 747 4966 Ι
762 4903 796 4952 20
808 4913 923 4968 procyon
937 4897 962 4951 D
976 4896 1102 4966 prochiou
1121 4895 1175 4949 GN
1193 4894 1265 4964 uuig.
1283 4889 1423 4964 προκύων
1437 4895 1443 4966 i
1457 4898 1489 4951 21
1501 4899 1612 4949 uocatur

301 4995 304 5000 ¹
377 4975 402 5028 D
417 4978 441 5032 G
458 4978 530 5047 uulg.
549 4979 652 5037 dicitur.
