4020 5910
876 715 1112 845 ζει--ι

371 923 403 984 et
425 916 532 999 lloris,
554 935 625 982 cum
648 934 759 982 omues
782 915 834 982 dei
855 916 888 982 iu
910 917 979 984 eius
1001 915 1122 1000 nuptiis
1145 916 1229 982 dona
1251 913 1435 982 conferrent
1456 961 1464 978 .
1486 913 1543 982 sed
1564 917 1603 982 ut

370 1021 416 1082 ait
437 1018 492 1098 qui
514 1017 642 1082 Cretica
672 1017 873 1099 conscripsit,
904 1037 966 1098 quo
997 1024 1143 1098 tompore
1172 1017 1270 1082 Liber
1300 1016 1342 1081 ad
1364 1015 1474 1081 Minoa
1503 1019 1603 1095 uenit,

370 1116 514 1196 cogitans
541 1115 706 1180 Ariadnen
737 1115 961 1196 comprimere,
990 1117 1073 1180 banc
1103 1132 1254 1182 coronam
1284 1114 1315 1179 ei
1341 1114 1467 1178 muneri
1498 1113 1601 1196 dedit;

372 1234 435 1297 qua
458 1216 624 1297 delectata,
645 1235 709 1281 uon
727 1216 889 1282 recusauit
906 1215 1147 1282 condicionem.
1165 1213 1283 1280 dieitur
1300 1212 1398 1280 etiem
1416 1233 1436 1279 a
1452 1213 1600 1280 Uulcano

369 1317 454 1383 iacta
476 1337 515 1384 ex
536 1337 616 1384 auro
639 1321 673 1384 et
692 1318 806 1384 indicis
827 1318 970 1401 gemmis,
991 1336 1050 1401 per
1072 1334 1152 1400 quas
1170 1316 1313 1382 Theseus
1336 1315 1538 1382 existimatur
1559 1304 1640 1382 deb

368 1419 509 1484 tenebris
531 1419 706 1502 labyrinthi
728 1420 769 1485 ad
791 1419 895 1485 lucem
915 1419 1056 1501 uenisse3
1083 1417 1170 1502 quod
1200 1435 1314 1484 aurum
1346 1420 1379 1518 et
1399 1435 1546 1499 gemmae
1567 1416 1601 1482 in

370 1523 506 1589 obscuro
529 1523 687 1606 fulgorem
710 1523 837 1590 luminis
860 1523 1048 1591 efficiebant

453 1626 516 1704 Qui
547 1631 654 1692 autem
676 1625 826 1709 Argolica
856 1626 1130 1708 conscripserunt,
1159 1621 1242 1688 haue
1272 1621 1411 1689 afferunt
1441 1641 1601 1689 causam.

368 1729 453 1810 qurod
476 1729 575 1796 Liber
606 1749 676 1796 cum
706 1729 912 1812 impetrasset
932 1747 953 1794 a
973 1730 1124 1811 parente,
1153 1729 1191 1790 ut
1212 1724 1369 1792 Semelam
1400 1727 1537 1791 matrem
1559 1725 1600 1790 eh

366 1832 476 1899 inieris
498 1833 675 1914 reduceret,
697 1837 730 1899 ot
751 1851 909 1917 quaerens
932 1831 974 1898 ad
995 1849 1052 1898 eos
1075 1828 1323 1911 descensionem,
1345 1829 1387 1896 ad
1404 1828 1600 1914 Argiuorum
1620 1819 1662 1885 10

372 1936 447 2002 linos
469 1937 678 2020 peruenisset,
700 1937 830 2004 obuiam
852 1937 881 2004 ei
905 1936 1065 2020 quondam
1083 1932 1203 2000 luctum
1226 1919 1616 2019 nomino'llypolipnuml
1673 2003 1676 2014 ,

369 2041 529 2107 houriuem
551 2040 682 2124 dignum
703 2039 798 2108 huius
821 2043 952 2118 saeculi,
983 2041 1037 2124 qui
1068 2038 1191 2122 petenti
1213 2037 1332 2105 Libero
1360 2036 1600 2128 descensionem

371 2146 564 2208 ruonstraret
584 2187 593 2206 .
614 2142 699 2209 hunc
720 2148 828 2209 autem
846 2161 919 2208 cum
941 2143 1076 2208 uidisset
1096 2140 1300 2223 Hypolipnus
1322 2159 1460 2224 puerum
1492 2144 1601 2207 aetate

369 2243 516 2308 miranda
533 2244 677 2327 corporis
694 2245 933 2328 pulchritudine
950 2243 1082 2326 reliquis
1100 2246 1328 2325 praestantem,
1344 2241 1525 2308 mercedem
1544 2261 1601 2324 pe·

369 2345 447 2410 lisso
469 2345 510 2410 ah
534 2364 582 2427 eo,
613 2365 695 2428 quae
726 2345 794 2412 sine
817 2345 1009 2412 detrimento
1042 2345 1110 2412 eius
1133 2345 1275 2411 (leretur.
1318 2344 1471 2410 Liberum
1493 2333 1662 2410 autem15

371 2447 483 2511 rurutris
506 2447 670 2529 cupidum,
700 2448 727 2513 si
749 2465 821 2512 eam
842 2447 1038 2525 reduxisset,
1068 2447 1191 2512 iurasse
1214 2437 1302 2528 quod
1321 2446 1422 2513 uellet
1443 2464 1479 2511 se
1499 2444 1601 2511 iactu·

368 2565 453 2628 rum3
475 2546 522 2612 ita
544 2554 661 2629 tauron,
683 2550 768 2630 quod
792 2551 870 2616 deus
892 2548 1012 2615 homini
1035 2567 1099 2614 non
1120 2549 1255 2631 pudenti
1277 2548 1401 2614 iuraret
1421 2593 1429 2610 .
1452 2566 1515 2628 quo
1533 2546 1599 2629 Hy-

340 2683 342 2690 ·
367 2648 519 2730 polipuus
543 2651 730 2715 descensum
751 2650 944 2716 monstrauit
965 2695 974 2714 .
995 2651 1095 2732 igitur
1116 2667 1188 2714 cum
1210 2649 1307 2714 Liber
1329 2648 1370 2713 ad
1399 2666 1471 2713 eum
1495 2647 1600 2713 locum

369 2748 511 2814 euenisset
541 2754 575 2814 et
601 2751 701 2816 uellet
727 2750 936 2832 descendere,
967 2767 1119 2814 coronam
1151 2767 1246 2830 quem
1277 2748 1445 2814 aUenere
1476 2751 1601 2814 muneri

367 2855 545 2932 acceperat,
567 2850 717 2933 deposuit
738 2852 772 2917 iu
794 2871 832 2917 eo
855 2852 936 2934 loco,
958 2852 1012 2934 qui
1032 2855 1207 2938 Στέφανος
1229 2854 1279 2917 est
1301 2870 1320 2915 a
1342 2849 1428 2916 iacto
1455 2848 1600 2932 appella-¹
1620 2844 1664 2908 20

368 2959 433 3034 tus;
464 2951 568 3017 noluit
598 2955 682 3019 euim
714 2973 822 3021 secum
853 2953 951 3036 forre,
986 2975 1025 3020 ne
1047 2952 1218 3020 inmortale
1249 2955 1369 3020 (lorium
1399 2957 1600 3018 mortuorum

367 3125 574 3136 ..n-...m

438 3225 462 3279 D
480 3227 498 3282 4
515 3225 660 3282 recussavit
673 3226 678 3294 Ι
693 3225 798 3280 Dicitur
820 3225 891 3281 anim
905 3226 942 3296 16
959 3226 1082 3283 laborent
1098 3226 1126 3281 hi
1141 3227 1146 3295 Ι
1161 3231 1178 3282 7
1195 3225 1329 3282 efficiebat
1347 3225 1353 3297 Ι
1373 3231 1405 3283 17
1423 3225 1601 3298 hypolimnus.

372 3341 404 3350 —
424 3311 448 3365 G
466 3314 482 3366 d
500 3310 652 3380 adrisgnem
671 3313 676 3378 1
696 3327 805 3366 munero
820 3312 825 3380 Ι
841 3317 858 3368 o
875 3312 1018 3368 laberinthi
1033 3312 1040 3382 Ι
1055 3317 1071 3368 7
1088 3311 1196 3366 luminis
1213 3311 1343 3380 fulgorem
1358 3311 1395 3380 19
1413 3311 1575 3381 inpetrasset
1594 3311 1600 3376 Ι

369 3400 400 3450 12
419 3395 552 3449 hominem
570 3411 621 3451 om.
637 3397 642 3464 Ι
657 3395 708 3450 hoc
724 3396 813 3451 seculo
828 3397 833 3465 Ι
850 3403 882 3452 17
895 3396 1053 3466 impudenti,
1070 3413 1119 3466 pro
1136 3413 1188 3466 quo
1203 3397 1208 3466 Ι
1224 3401 1257 3454 18
1270 3395 1463 3451 demonstrauit
1477 3397 1482 3464 Ι
1498 3399 1531 3452 19
1544 3412 1602 3449 mu·

366 3477 424 3532 nari
449 3495 499 3534 om.
515 3481 570 3546 120
587 3479 718 3549 disposuit
736 3479 741 3547 Ι
761 3480 912 3550 stephanos.
930 3512 964 3524 -
982 3481 1008 3536 N
1026 3485 1044 3537 4
1061 3479 1159 3535 dicitur
1180 3487 1270 3536 sulem
1285 3481 1290 3548 l
1304 3485 1322 3536 8
1338 3487 1429 3535 cutem
1450 3495 1501 3535 om.
1517 3481 1523 3548 Ι
1537 3479 1601 3534 scri·
1646 3543 1648 3547 ¹

365 3570 476 3632 psoram
490 3564 495 3633 Ι
511 3569 542 3620 11
561 3565 669 3622 obuium
683 3565 689 3636 Ι
703 3565 867 3636 ypolimnum
882 3568 887 3637 Ι
905 3571 936 3622 17
954 3566 1124 3638 ypolimnusl
1141 3569 1173 3622 19
1189 3565 1307 3624 uenisset
1323 3565 1466 3636 uelletque.

385 3717 392 3722 .
400 3715 572 3726 ...--.-....

436 3813 447 3862 1
468 3805 511 3861 dei
528 3807 553 3860 D
571 3807 608 3862 dii
626 3807 650 3863 G
666 3807 688 3867 N
706 3808 829 3878 deinceps
843 3807 887 3876 dii,
907 3807 1012 3863 2Voss.
1028 3807 1065 3874 14
1082 3807 1259 3862 conditionem
1277 3807 1302 3860 D
1320 3807 1394 3875 uulg.
1411 3797 1600 3863 ‘conditionem

369 3889 463 3960 strupri’
482 3891 553 3962 quod
572 3894 653 3948 etiam
671 3894 734 3950 GN
751 3894 860 3949 babent.
888 3893 951 3949 Tor.
968 3892 1053 3948 Andr.
1074 3898 1098 3964 l,
1117 3898 1140 3950 l.
1159 3897 1193 3948 62
1210 3892 1312 3962 aceepit
1328 3891 1519 3961 conditionem,
1537 3891 1599 3946 dein

366 3981 505 4043 ‹puaastum
523 3971 626 4046 occipit'
647 4020 654 4033 .
672 3977 815 4046 aliquando
832 3977 897 4031 mihi
915 3977 943 4032 in
960 3984 1077 4038 mentem
1093 3984 1206 4032 uenerat
1219 3971 1447 4032 ‘concubitionem’
1467 3993 1522 4046 quo
1534 3993 1601 4032 uoco

366 4059 451 4113 utitur
468 4061 590 4130 llygiuus
616 4061 686 4116 inira
711 4078 752 4131 cp.
773 4067 805 4117 12
824 4063 830 4130 1
849 4067 866 4118 b
883 4077 932 4130 per
958 4079 1009 4118 om.
1027 4061 1088 4117 DN
1107 4063 1113 4132 Ι
1132 4067 1150 4119 6
1166 4061 1311 4117 laberinthi
1327 4060 1396 4129 {GN
1415 4065 1420 4124 Ι
1439 4065 1456 4118 9
1473 4061 1599 4117 semelem

367 4142 392 4194 D
407 4143 431 4196 G
444 4142 469 4197 N
487 4145 559 4211 uulg.
574 4144 703 4199 semelem
718 4147 723 4212 1
741 4151 773 4202 10
790 4161 903 4215 quarens
920 4145 984 4200 DN
998 4147 1004 4215 Ι
1020 4150 1051 4202 11
1069 4146 1140 4216 Hyp.
1152 4145 1232 4201 lectio
1250 4153 1377 4215 corrupta
1393 4151 1447 4213 est;
1465 4145 1494 4199 in
1510 4145 1535 4200 D
1552 4161 1600 4214 po·

367 4225 477 4294 lyppum
494 4234 626 4282 muratum
643 4235 686 4284 ost
702 4230 730 4283 in
747 4229 926 4298 hypolppnum
937 4271 943 4284 .
953 4229 980 4282 iu
998 4229 1058 4284 aliis
1075 4229 1151 4284 libris
1168 4235 1210 4285 est
1226 4229 1381 4299 ipolipnum‚
1398 4229 1599 4299 hyppolippum,

364 4309 554 4379 hypolimuunr,
572 4311 735 4382 ipolymuum
749 4353 756 4367 .
770 4312 835 4368 item
853 4311 924 4382 apud
940 4312 1007 4369 alios
1024 4311 1166 4383 scriptores
1183 4314 1234 4368 hoc
1250 4329 1346 4368 nomeu
1360 4313 1435 4367 ueris
1452 4311 1598 4367 scribitur.
1676 4312 1679 4320 '

366 4388 540 4460 lloto'vrrroc
557 4404 599 4452 ost
615 4397 731 4452 Tretous
748 4396 783 4452 ad
801 4398 873 4467 layo,
891 4391 1048 4466 Πόλυμνος
1064 4399 1177 4454 Pausau.
1191 4405 1215 4469 2,
1233 4403 1276 4468 37,
1294 4404 1323 4468 53
1341 4398 1508 4454 aOlemente
1519 4397 1597 4452 Alex.

364 4478 475 4539 (aelmon.
494 4479 640 4547 adgentes
657 4498 682 4551 p.
701 4488 735 4538 22
753 4482 835 4551 Sylb.)
851 4482 970 4538 Amabio
992 4484 1052 4539 adu.
1071 4484 1233 4552 nationesne,
1252 4488 1287 4539 28
1304 4483 1416 4551 aliisque
1439 4483 1599 4554 Prosymnos

363 4570 474 4616 euocetur
489 4562 494 4630 Ι
511 4568 543 4618 12
561 4563 621 4618 Sch.
639 4563 705 4620 coni.
723 4565 868 4634 indiguum.
885 4566 1019 4622 Arnobius
1036 4566 1054 4623 l.
1073 4584 1095 4622 o.
1114 4566 1305 4636 ignominiosus
1326 4572 1430 4620 amator
1451 4565 1495 4621 dei
1516 4572 1598 4634 atqua

364 4648 390 4700 io
413 4647 529 4702 nefarias
546 4647 669 4706 libidines
686 4651 751 4706 satis
768 4667 867 4720 pronus
881 4651 887 4722 Ι
901 4651 980 4707 buius
996 4651 1022 4705 D
1035 4651 1061 4707 N
1073 4651 1098 4708 U
1115 4651 1213 4720 aliique
1230 4651 1302 4719 uulg.
1320 4650 1377 4706 eius
1395 4691 1402 4706 .
1421 4656 1538 4706 cetarum
1556 4656 1599 4704 eat

363 4742 442 4788 notus
462 4732 634 4790 hellenismus
653 4736 658 4804 Ι
679 4740 711 4792 13
729 4735 825 4806 llypol.
843 4752 894 4792 om.
912 4735 939 4790 h.
958 4735 975 4792 l.
994 4736 1019 4790 D
1034 4735 1097 4791 GN
1112 4735 1117 4805 1
1134 4735 1167 4791 14
1183 4734 1331 4789 mercedem
1352 4741 1402 4790 otc
1425 4733 1512 4788 simile
1533 4733 1597 4802 quid

363 4827 405 4872 ost
421 4833 463 4888 ap.
482 4818 550 4889 Hyp.
567 4820 653 4888 Mytb.
672 4837 713 4890 cp.
732 4826 781 4878 187
799 4819 834 4876 da
849 4821 915 4876 mihi
941 4820 981 4892 id,
1007 4819 1077 4890 quod
1099 4820 1176 4890 puori
1198 4823 1286 4876 solent
1307 4816 1377 4875 dare'
1394 4821 1399 4888 Ι
1416 4825 1448 4876 17
1465 4818 1517 4891 ite,
1535 4819 1596 4877 Sch.

363 4903 429 4960 (torri.
449 4905 497 4974 ira,
515 4895 553 4962 M.
572 4906 639 4961 irato
654 4905 659 4974 Ι
673 4923 725 4977 quo
745 4906 808 4962 DN
825 4905 897 4976 uulg.
916 4908 1054 4978 proquo!
1071 4911 1104 4962 lh
1122 4921 1246 4962 coronam
1264 4905 1291 4961 iu
1308 4906 1333 4960 D
1352 4912 1483 4995 mutatum
1505 4912 1548 4960 ost
1568 4904 1599 4958 in

363 5005 461 5045 (rorone
475 4992 481 5060 Ι
495 4997 529 5048 20
546 4993 691 5062 stephanus
708 4993 733 5047 D
746 4992 773 5049 N
787 4995 793 5062 Ι
807 5008 825 5048 ιι
841 4992 867 5048 D
880 4993 905 5048 G
923 4993 994 5063 unlg.
1013 5008 1036 5048 e.
