4016 5914
884 786 1117 856 -11‘1-

394 955 473 1025 nulii
494 955 556 1026 VII
577 957 688 1024 stelles
711 955 865 1040 erretices
886 955 1056 1041 finxerunt,
1086 955 1295 1042 adiungentes
1325 960 1437 1028 eodem
1459 958 1559 1028 solem
1581 960 1615 1028 et
1722 969 1724 976 ’

391 1060 514 1139 lunam,
544 1058 631 1142 quod
658 1057 730 1125 cuin
753 1059 892 1143 quinque
922 1059 1024 1127 stellis
1053 1058 1199 1128 feruntur
1219 1059 1325 1128 .-lune
1354 1061 1439 1129 enim
1469 1061 1613 1146 proxime

392 1166 511 1229 terrem
534 1164 596 1244 est,
617 1159 726 1243 itoque
749 1159 861 1228 diebus
877 1159 968 1228 XXX
990 1164 1093 1229 totum
1114 1162 1266 1228 mundum
1288 1162 1488 1231 existimetur
1509 1166 1613 1230 usus·

392 1262 439 1330 ire
462 1311 469 1328 .
491 1262 524 1330 id
547 1263 607 1330 iroc
629 1262 737 1330 euenit
758 1261 883 1330 ratione
905 1312 913 1327 .
935 1268 972 1330 ut
993 1262 1021 1330 si
1049 1263 1120 1347 quis
1149 1263 1235 1331 intro
1265 1263 1417 1332 circulum
1447 1264 1612 1333 zodiacum

391 1362 503 1430 iecerit
525 1364 675 1442 eireuios,
697 1368 731 1430 et
752 1382 808 1431 eos
829 1365 891 1432 hoc
912 1364 1082 1431 interuallo
1104 1363 1244 1446 finxerit,
1263 1370 1301 1432 ut
1321 1371 1409 1434 terre
1430 1367 1474 1434 sit
1493 1367 1527 1433 in
1548 1367 1652 1434 ιιι-5

350 1508 353 1556 3
386 1465 458 1546 dio,
489 1468 523 1532 et
545 1483 641 1530 unam
663 1469 791 1530 eterra
813 1464 855 1530 ad
878 1466 984 1531 iunem
1009 1466 1203 1532 mensionem
1224 1465 1350 1549 iecerit,
1380 1485 1475 1550 quem
1498 1466 1630 1533 Graeci

390 1564 487 1632 τόνον
510 1565 755 1648 appellauerunt
774 1565 869 1645 ssrunc
891 1569 1012 1648 eutem,
1043 1566 1117 1648 quie
1139 1583 1298 1633 non-esse
1329 1571 1451 1634 certum
1472 1566 1613 1651 spetiunr

344 1665 347 1688 ¹
390 1669 567 1748 potuerunt
583 1666 699 1748 dicere,
715 1665 813 1733 τόνον
832 1667 1002 1746 dixeruntte
1024 1665 1123 1748 igitur
1144 1666 1238 1732 obest
1250 1665 1330 1734 ,lune
1351 1684 1371 1732 e
1392 1671 1480 1733 terre
1501 1671 1613 1732 torrem

389 1785 488 1833 sunum
511 1814 518 1828 .
540 1766 600 1832 hec
621 1766 721 1850 igitur
749 1786 798 1848 re,
829 1766 914 1849 quod
936 1766 1125 1833 breuissime
1147 1766 1266 1833 circulo
1288 1766 1470 1849 deuoluitur,
1500 1765 1613 1834 diebus

390 1867 482 1933 XXX
503 1867 544 1934 od
567 1868 703 1952 primurn
722 1867 871 1952 peruenit
891 1868 1016 1950 signum
1039 1919 1046 1932 .
1068 1869 1109 1936 eb
1131 1867 1193 1935 hoo
1214 1867 1332 1937 eireul'o
1358 1869 1450 1936 abest
1475 1866 1612 1936 circulus
1632 1871 1674 1938 10

390 1973 500 2036 tonum
524 1969 701 2052 dimidium,
732 1987 795 2053 quo
817 1969 936 2036 circuio
957 1970 1108 2036 Mercurii
1129 1970 1224 2038 steilo
1244 1970 1386 2056 uehitur3
1414 1971 1524 2055 itaque
1546 1969 1612 2037 die·

390 2070 450 2136 bus
471 2070 563 2135 XXX
584 2070 625 2136 ed
651 2071 788 2136 alterum
810 2071 935 2153 signum
964 2070 1124 2158 transiens
1154 2069 1280 2138 tordius
1301 2119 1309 2136 .
1330 2071 1371 2138 eb
1400 2071 1462 2139 hoe
1492 2071 1611 2138 circulo

389 2172 482 2239 obest
504 2172 585 2238 citer
607 2176 717 2238 tonum
741 2171 919 2256 dimidium
950 2191 1013 2255 quo
1044 2174 1114 2238 loco
1136 2171 1272 2239 Ueneris
1301 2171 1396 2239 stelle
1425 2172 1488 2238 iter
1517 2189 1612 2238 suum

388 2273 506 2358 dirigit,
527 2273 700 2341 tardiorem
724 2273 892 2342 eornstcicns
915 2292 1051 2358 cursrun,
1072 2292 1166 2359 quern
1185 2272 1335 2342 Mercurii
1357 2273 1475 2342 stello.
1496 2270 1613 2341 transit

392 2378 475 2444 enirn
498 2378 539 2444 ed
562 2376 650 2443 eliud
672 2377 796 2460 signnnr
820 2376 932 2444 diebus
954 2377 1075 2443 XXX.
1097 2395 1195 2461 supra
1212 2376 1308 2444 huius
1325 2377 1451 2445 stellam
1468 2375 1545 2443 solis
1563 2379 1614 2443 cst
1632 2381 1672 2448 15

388 2497 508 2562 comus,
531 2478 585 2562 qui
603 2480 695 2545 obest
716 2479 756 2546 eb
774 2479 920 2562 Hespero
942 2479 1037 2546 stelle
1054 2497 1136 2562 quae
1154 2482 1204 2546 est
1221 2479 1366 2563 Ueneris,
1386 2483 1498 2546 tonum
1521 2477 1612 2546 dimi-

390 2583 478 2649 dium
501 2631 508 2646 .
530 2581 577 2648 ito
599 2601 669 2648 curu
692 2579 895 2650 inferioribus
917 2583 1039 2665 pariter
1060 2581 1230 2666 pcruoicus
1252 2601 1336 2649 enno
1358 2601 1423 2650 uno
1440 2581 1503 2649 XII
1520 2581 1612 2666 signe

389 2684 560 2767 percurrit,
590 2683 751 2750 tricesimo
773 2683 826 2750 die
847 2683 889 2750 ed
915 2685 1002 2750 eliud
1024 2683 1183 2750 transiens
1209 2685 1334 2766 signum
1357 2733 1363 2748 .
1386 2703 1485 2768 supre
1511 2684 1612 2752 solem

385 2787 484 2868 igitur
507 2788 540 2851 et
561 2784 630 2850 eius
652 2785 804 2850 circulum
822 2784 936 2850 Martis
958 2788 1009 2850 est
1029 2784 1131 2866 stelle,
1153 2802 1236 2866 quae
1257 2785 1390 2852 abesto
1410 2787 1479 2852 sole
1500 2789 1611 2853 tonum

389 2886 554 2954 dimidium
578 2934 585 2952 .
609 2887 717 2970 itaquo
739 2886 856 2953 dicitur
884 2885 995 2953 diebus
1017 2887 1074 2952 LX
1096 2884 1137 2951 ed
1168 2886 1256 2952 oiiud
1286 2887 1411 2971 signum
1442 2886 1581 2955 transire
1603 2893 1671 2959 .20

387 3009 486 3075 supro
507 2990 591 3056 hune
614 2990 766 3057 circulum
788 2989 876 3059 Iouis
898 2993 947 3056 ost
969 2989 1076 3070 stelle,
1106 3007 1188 3072 quoe
1209 2988 1302 3056 obest
1322 3010 1342 3057 a
1363 2990 1478 3058 Mortis
1499 2988 1610 3058 tonum

389 3094 583 3160 dimidium.
606 3093 820 3176 itaquoenno
848 3112 911 3160 uno
941 3093 1058 3160 transit
1088 3093 1129 3159 ed
1160 3091 1296 3160 alterum
1327 3094 1452 3178 signum
1474 3142 1482 3158 .
1503 3093 1610 3161 nouis-

454 3245 479 3299 D
498 3250 512 3302 1
526 3245 653 3301 erretiees
665 3244 757 3300 stelles
771 3246 777 3312 Ι
791 3243 846 3301 sole
863 3249 892 3300 et
908 3244 973 3300 lune
986 3246 991 3312 Ι
1006 3248 1022 3301 5
1035 3242 1124 3300 fixerit
1138 3247 1144 3312 1
1158 3247 1175 3300 8
1188 3249 1217 3300 et
1232 3260 1249 3301 e
1262 3251 1335 3302 terre
1352 3260 1432 3302 unem
1448 3245 1611 3302 mensionem

385 3329 478 3385 iecerit
495 3327 530 3384 ed
552 3329 641 3384 lucem
660 3329 666 3397 Ι
684 3333 702 3386 8
719 3329 803 3398 igitur
820 3328 855 3385 ob
871 3327 935 3384 lune
952 3333 1040 3383 terreo
1058 3329 1064 3396 1
1084 3331 1102 3384 8
1118 3343 1148 3384 re
1170 3328 1252 3398 igitur
1266 3332 1271 3399 Ι
1287 3334 1317 3386 11
1338 3329 1502 3399 dimediuml
1518 3335 1550 3387 18
1569 3329 1608 3386 di·

384 3414 498 3469 medium
519 3415 524 3482 Ι
546 3419 578 3470 17
600 3414 690 3483 iteque
711 3413 880 3469 inferioribus
895 3415 949 3482 180
965 3411 1116 3470 dimedium.
1128 3443 1162 3454 -
1181 3413 1205 3468 G
1223 3419 1237 3470 1
1255 3413 1293 3469 Vl
1308 3416 1313 3483 Ι
1328 3418 1344 3472 5
1357 3429 1455 3484 eosque
1474 3414 1513 3471 sic
1528 3413 1611 3470 Inter·

385 3498 458 3556 uelle
472 3500 478 3568 1
493 3505 509 3555 7
524 3498 662 3570 appellent
676 3501 682 3570 Ι
696 3503 713 3556 9
725 3499 838 3555 'uehitur
852 3500 857 3567 Ι
873 3503 904 3554 11
918 3513 971 3568 quo
987 3497 1117 3554 mercurio
1134 3496 1213 3568 sydus
1234 3497 1361 3563 uehitur!
1377 3503 1410 3555 14
1422 3497 1525 3554 tardius
1540 3513 1610 3554 mer·

384 3584 452 3641 curii
470 3599 548 3655 quom
571 3583 651 3641 stolio
666 3583 808 3640 conficiens
824 3599 928 3640 eurum
943 3585 948 3653 Ι
964 3587 997 3640 18
1010 3581 1037 3637 in
1055 3580 1195 3640 tricesimo.
1208 3611 1241 3623 -
1255 3581 1281 3638 N
1299 3587 1316 3640 5
1332 3581 1355 3639 si
1371 3582 1423 3639 hoc
1438 3584 1442 3652 Ι
1457 3586 1474 3641 5
1491 3586 1519 3640 et
1536 3580 1608 3652 one!

383 3676 477 3728 iesse
498 3670 602 3740 onntss
619 3675 682 3726 terro
704 3685 756 3726 uno
775 3669 780 3740 Ι
800 3674 834 3727 10
847 3663 892 3725 ‘ed
914 3667 1026 3741 primurn
1048 3709 1056 3724 .
1079 3711 1085 3724 .
1107 3711 1114 3726 .
1137 3666 1230 3725 diebus
1251 3663 1335 3724 XXX’
1358 3669 1478 3739 ornile
1494 3669 1529 3726 eb
1556 3684 1608 3724 oue

382 3761 414 3812 21
433 3755 512 3811 Hunc
529 3755 620 3813 orbccr
637 3769 728 3826 cupre.

449 3899 467 3951 2
484 3893 556 3964 quod
573 3894 603 3949 in
617 3893 641 3948 D
655 3909 722 3948 corr.
736 3893 764 3948 in
776 3885 864 3963 ‘queo‘
880 3891 887 3962 Ι
900 3895 916 3950 8
930 3891 998 3948 dieb.
1013 3891 1090 3947 XXX
1104 3892 1128 3946 D
1142 3890 1215 3960 uulg.
1229 3890 1340 3961 triginta
1356 3889 1450 3948 dicbus
1464 3891 1470 3960 Ι
1484 3894 1501 3949 d
1514 3896 1545 3948 ιιι
1558 3895 1607 3949 ete
1690 3887 1695 3898 '

385 3981 423 4036 sic
441 3981 534 4050 scripsi
551 3995 584 4036 ex
601 3978 627 4033 D
645 3979 717 4048 uulg.
730 3971 767 4035 ‘si
784 3978 896 4034 circulos
924 3978 984 4058 quis
1008 3977 1079 4034 intre
1096 3975 1204 4032 Zodieei
1229 3976 1358 4034 ambitum
1384 3976 1478 4034 iecerit
1502 3975 1607 4048 eosque'

381 4065 451 4136 qrrod
468 4065 548 4121 etiem
566 4063 630 4120 (11(
648 4064 747 4120 hebent
762 4066 767 4132 Ι
782 4068 799 4120 7
812 4067 892 4120 tonon
909 4062 935 4117 D
949 4063 972 4118 G
986 4062 1012 4119 N
1029 4062 1055 4117 h.
1073 4061 1091 4118 l.
1109 4067 1137 4118 et
1153 4061 1181 4116 in
1198 4076 1254 4133 sqq.
1272 4061 1304 4117 ei.
1323 4061 1392 4118 Plirc
1409 4062 1444 4118 Η.
1463 4061 1498 4118 N.
1516 4067 1541 4133 2,
1560 4065 1609 4134 203

382 4151 480 4225 liypin.
498 4149 539 4206 De
564 4149 640 4206 iimit
667 4155 751 4208 const.
776 4149 829 4219 (cd.
851 4147 962 4206 Goesius
987 4165 1014 4220 p.
1034 4151 1092 4218 171)
1105 4148 1111 4216 Ι
1125 4146 1189 4219 quie
1214 4147 1307 4206 eteD
1329 4147 1401 4218 uulg.
1419 4149 1482 4219 quie
1506 4155 1608 4206 certum

382 4239 496 4310 sponium
518 4254 572 4294 nou
594 4254 620 4308 p.
638 4236 663 4292 d.
676 4236 682 4304 Ι
697 4235 815 4307 specium
832 4236 857 4291 1)
877 4237 901 4291 (1
918 4235 942 4291 N
958 4238 994 4306 18
1011 4233 1092 4304 igitur
1113 4238 1164 4290 cto.
1199 4234 1231 4289 In
1251 4233 1276 4288 D
1298 4233 1315 4289 i.
1333 4250 1367 4290 nn
1385 4233 1492 4291 edditur
1511 4222 1607 4292 ‘Lerne'

386 4324 450 4378 item
467 4322 547 4393 peulo
564 4327 637 4392 post:
665 4321 828 4392 Mercurius,
855 4321 953 4390 Uenus,
971 4319 1025 4390 Sol,
1043 4319 1130 4390 Mers,
1147 4319 1230 4389 iouis,
1248 4321 1379 4375 Saturnus
1393 4320 1399 4388 1
1413 4323 1466 4375 ten.
1484 4335 1566 4376 unum
1582 4320 1608 4376 D

382 4407 455 4477 uuig.
479 4414 542 4462 tono
563 4423 616 4461 uno
637 4409 642 4475 Ι
663 4411 696 4463 10
711 4405 816 4474 signum
836 4405 901 4459 DG
922 4405 994 4474 uuig.
1012 4404 1139 4460 circulum
1162 4403 1168 4470 Ι
1193 4406 1223 4458 11
1242 4408 1296 4458 ton.
1318 4401 1381 4457 dim.
1399 4403 1424 4457 D
1442 4404 1567 4460 emitenio
1584 4405 1609 4460 G
1673 4425 1675 4430 ·

386 4491 458 4560 uulg.
476 4490 614 4546 semitonio
628 4491 634 4559 Ι
648 4490 747 4545 circulo
764 4488 854 4544 eddidi
870 4504 904 4544 ex
920 4487 946 4542 D
963 4527 971 4544 .
987 4487 1084 4544 similis
1104 4487 1164 4542 eliis
1181 4486 1247 4542 locis
1262 4485 1368 4542 restitui
1382 4488 1387 4555 Ι
1401 4485 1518 4541 steileD
1535 4486 1608 4557 sulp.

383 4573 455 4630 eidus
470 4575 475 4643 Ι
492 4579 524 4630 18
537 4573 606 4630 niter
623 4571 714 4628 eddidi
730 4588 764 4629 ex
776 4572 802 4628 D
817 4574 822 4641 Ι
837 4577 890 4629 ten
904 4571 966 4629 dirn.
979 4572 1004 4626 D
1018 4577 1099 4628 tonon
1116 4569 1254 4626 dimidium
1271 4569 1295 4625 G
1309 4569 1382 4640 uulg.
1399 4575 1463 4626 tono
1479 4568 1588 4627 dimidio
1602 4571 1608 4639 Ι

385 4663 417 4715 18
435 4659 494 4714 ioco
511 4663 561 4716 etc.
580 4658 604 4712 D
623 4657 695 4728 ouig.
712 4657 839 4714 loeo-iter
860 4672 937 4713 suum
954 4655 1066 4712 Ueneris
1087 4654 1178 4724 dirigit
1199 4661 1300 4710 nstrum
1322 4653 1422 4710 medius
1439 4669 1520 4725 quem
1536 4654 1610 4711 Mer-

383 4743 449 4798 curii
471 4742 550 4799 stelle
571 4741 712 4799 conficiens
733 4757 840 4798 cunum
859 4741 865 4810 Ι
886 4744 918 4799 18
934 4754 1046 4811 uespere
1063 4737 1088 4792 D
1111 4737 1144 4794 ei.
1162 4736 1233 4794 inire
1253 4754 1293 4809 cp.
1312 4741 1345 4796 15
1360 4739 1365 4807 Ι
1379 4737 1459 4794 stelle
1474 4744 1525 4796 etc.
1545 4739 1569 4793 D
1584 4738 1608 4794 G

386 4828 457 4900 uuig.
475 4844 544 4899 queo
560 4829 723 4886 esthnoris
739 4827 818 4908 steilo
831 4827 837 4899 Ι
851 4832 905 4884 ton.
922 4825 983 4882 dinr.
1000 4824 1026 4879 D
1044 4824 1115 4894 uuig.
1133 4823 1276 4880 medietete
1293 4823 1348 4880 toni
1363 4824 1368 4892 Ι
1385 4827 1418 4881 19
1434 4829 1489 4880 ton.
1511 4822 1607 4882 dim.D

381 4915 454 4985 nulg.
473 4921 535 4972 tono
556 4913 664 4971 dimidio
682 4916 688 4984 1
702 4919 734 4972 el
754 4913 881 4971 circulum
902 4912 927 4968 D
941 4912 965 4970 G
987 4911 1059 4982 uulg.
1081 4911 1173 4968 orbern
1187 4911 1192 4981 1
1207 4915 1248 4966 est
1265 4926 1315 4967 om.
1327 4909 1358 4965 *D
1371 4908 1396 4964 G
1410 4910 1416 4978 1
1431 4913 1485 4967 ton.
1503 4907 1564 4965 dim.
1581 4908 1607 4963 D

381 5000 506 5056 emitonio
520 5001 543 5056 G
558 5000 630 5071 uuig.
647 5000 792 5056 hemitonio
806 5001 812 5070 Ι
826 5003 860 5056 2)
873 5014 942 5055 enno
959 5013 1012 5054 uno
1024 4996 1050 5052 D
1064 4997 1088 5052 G
1105 4996 1178 5066 uuig.
1196 5011 1249 5052 uno
1265 5009 1334 5051 enno
1349 4996 1355 5064 Ι
1369 4993 1464 5052 tresde
1481 4999 1531 5052 ete.
1543 4993 1568 5048 D
1582 4993 1608 5050 G
1682 5025 1686 5038 ·

376 5084 504 5153 uulneri
524 5085 638 5141 eicerem
659 5084 756 5141 trensit
779 5084 889 5153 signore
