4020 5910
995 736 1206 802 ..42-

487 907 548 974 sub
570 923 609 974 eo
631 905 785 992 ellopium
807 922 916 971 ensem
946 905 1107 988 posuisse,
1135 910 1170 970 et
1191 903 1335 970 Aethrae
1351 903 1466 969 Thesei
1495 902 1591 968 matri
1620 921 1715 985 prae·

487 1010 616 1094 dixisse,
644 1028 687 1076 ne
715 1014 793 1076 aute
813 1027 887 1074 eum
908 1007 1051 1074 Athenas
1072 1007 1230 1088 mitteret,
1260 1025 1356 1089 quam
1381 1025 1442 1071 sua
1462 1005 1585 1071 uirtme
1607 1005 1714 1088 lapide

487 1111 628 1194 sublato,
657 1112 817 1194 potuisset
837 1109 980 1192 gladium
1001 1109 1087 1192 patri
1109 1107 1232 1174 referre
1253 1155 1262 1172 .
1282 1109 1392 1190 itaque
1412 1107 1472 1172 niti
1503 1107 1647 1186 uidetur,
1676 1113 1713 1172 ut

488 1231 584 1294 quem
606 1212 761 1277 altissime
781 1210 894 1292 possit,
914 1209 1054 1291 lapidem
1077 1209 1211 1275 extollat
1232 1256 1240 1274 .
1263 1209 1322 1272 lrec
1343 1209 1440 1273 etium
1458 1207 1499 1272 de
1516 1225 1614 1271 eausa
1634 1225 1712 1272 non·

447 1313 565 1379 hnulli
586 1312 699 1394 lyram,
720 1329 803 1392 quae
824 1309 970 1391 proxima
986 1309 1017 1373 ei
1034 1309 1125 1390 siguo
1148 1315 1199 1374 est
1215 1309 1380 1388 collocata,
1401 1307 1516 1372 Thesei
1534 1325 1605 1372 esse
1623 1306 1710 1371 dixe·

486 1416 571 1494 runt,
591 1411 678 1494 quod
700 1417 737 1477 ut
752 1409 898 1476 eruditus
919 1410 1005 1475 omni
1022 1427 1139 1492 genere
1156 1409 1282 1492 artium
1299 1410 1401 1492 lyram
1420 1427 1546 1491 quoque
1564 1407 1714 1474 didicisse

485 1513 683 1578 uidebatur.
705 1513 804 1594 idque
825 1517 859 1576 et
879 1511 1046 1576 Amcreon
1069 1511 1161 1576 dicit:

745 1609 847 1698 ἀγχοῦ
869 1607 899 1677 d'
921 1611 1094 1697 Alyaidem
1120 1617 1251 1699 Θησέος
1273 1610 1344 1678 ἐστι
1366 1609 1456 1699 λύρη.

484 1715 540 1781 olii
562 1720 669 1780 autem
687 1713 871 1796 Thamyrim
892 1712 1031 1779 aMusis
1052 1718 1266 1796 excaecatum,
1288 1719 1326 1778 ut
1346 1713 1524 1795 supplicem
1545 1713 1587 1779 ad
1608 1730 1712 1795 genua

428 1817 470 1881 10
485 1816 643 1880 iacentem
665 1815 789 1898 dicunt;
809 1813 865 1880 alii
887 1814 1018 1896 Orphea
1039 1833 1060 1878 a
1081 1813 1225 1878 Thraciis
1247 1813 1434 1880 mulieribus
1455 1815 1604 1898 interfici,
1626 1815 1712 1898 quod

483 1917 602 1985 uiderit
623 1917 732 1984 Liberi
754 1917 858 2001 patris
878 1917 979 1983 initia
1022 1917 1198 2000 Aeschylus
1220 1923 1328 1984 autem
1349 1918 1383 1983 iu
1404 1917 1528 2001 fabula,
1559 1938 1641 2003 quae
1662 1919 1713 1983 in-

482 2020 634 2087 scribitur
646 2017 856 2108 Πρυμηθεις
870 2017 1039 2106 λυόμενος,
1047 2019 1219 2086 Herculem
1235 2020 1283 2086 ait
1299 2039 1379 2103 esse,
1395 2040 1459 2087 non
1477 2040 1549 2088 eum
1565 2026 1714 2101 dracone,

482 2123 540 2190 sed
563 2142 635 2190 eum
657 2122 829 2208 liguribus
851 2125 1087 2210 depugnantem
1109 2171 1117 2190 .
1140 2124 1218 2190 dicit
1239 2125 1338 2207 enirn,
1368 2145 1431 2208 ono
1464 2131 1608 2211 lenrpore
1630 2125 1711 2191 llor-

483 2229 571 2295 eules
591 2229 634 2294 ab
656 2228 805 2312 Geryone
826 2230 927 2296 boues
944 2229 1124 2311 obduxerit,
1144 2229 1208 2296 iter
1224 2227 1338 2295 iecisse
1359 2249 1419 2312 per
1439 2230 1595 2312 Ligurum
1617 2227 1711 2309 lines3

423 2332 464 2396 15
482 2349 563 2413 quos
585 2338 718 2397 conatos
735 2331 776 2398 ab
794 2350 833 2398 eo
850 2350 949 2415 pecus
966 2333 1135 2414 abducere,
1155 2350 1269 2398 manus
1286 2331 1459 2396 contulisse
1481 2338 1515 2396 et
1532 2332 1712 2413 complures

482 2450 593 2500 eorum
614 2432 742 2515 sagittis
772 2431 938 2499 confixisse
960 2479 968 2495 .
989 2432 1047 2497 sed
1077 2438 1248 2514 postquem
1269 2431 1402 2496 Herculi
1431 2434 1497 2497 tela
1528 2430 1712 2511 defecerint,

481 2533 690 2600 multitudine
711 2534 922 2600 barbarorum
945 2537 978 2600 et
999 2533 1110 2617 inopia
1127 2552 1290 2600 armorum
1312 2532 1481 2617 delossum,
1499 2553 1534 2599 se
1552 2534 1713 2616 ingenicu-

482 2636 575 2716 lasse,
596 2637 705 2702 multis
726 2637 791 2703 iam
814 2637 1003 2703 uulneribus
1020 2639 1169 2719 acceptis
1200 2637 1312 2702 Iouem
1330 2642 1439 2704 antem
1461 2639 1626 2702 misertum
1648 2635 1717 2717 tilii,

481 2755 623 2816 curasse,
647 2743 685 2802 ut
705 2737 791 2802 circe
812 2757 886 2803 eum
907 2757 1023 2819 magna
1044 2738 1187 2820 lepidum
1210 2739 1302 2820 copia
1321 2744 1420 2820 esset3
1442 2737 1558 2819 quibus
1576 2756 1612 2802 se
1628 2737 1711 2801 Her-

422 2839 466 2901 ιθ
483 2836 586 2900 culem
609 2835 789 2902 defendisse
821 2845 854 2901 et
883 2839 993 2902 hostes
1014 2837 1142 2918 fugasse
1164 2884 1173 2899 .
1194 2840 1304 2918 itaque
1334 2839 1445 2901 leuem
1474 2837 1714 2902 similitudinem

481 2937 653 3018 pugnantis
683 2937 768 3003 inter
798 2937 906 3004 sidera
936 2937 1140 3002 constituisse
1161 2985 1170 3001 .
1191 2938 1276 3002 hune
1302 2928 1403 3002 'etiam
1434 2936 1579 3002 nonnulli
1600 2936 1715 3001 Ixiona

481 3037 621 3103 brachiis
643 3038 761 3104 uinctis
782 3057 854 3104 esse
876 3039 1038 3119 dixerunt,
1068 3039 1155 3119 quod
1176 3039 1243 3104 uim
1264 3039 1379 3103 lunoni
1404 3037 1545 3103 uoluerit
1573 3035 1714 3118 adferre3

481 3138 536 3202 alii
558 3129 750 3202 Promethea
771 3139 804 3202 in
826 3145 934 3204 monte
956 3137 1098 3202 Caucaso
1120 3139 1271 3204 uinctum

526 3280 531 3291 ·
568 3236 630 3304 Vll
661 3238 775 3304 LYRA
796 3239 882 3305 iuter
912 3238 1019 3304 sidera
1049 3240 1225 3304 constituta
1255 3246 1305 3305 est
1325 3241 1396 3322 hac,
1426 3247 1463 3305 ut
1483 3239 1713 3305 Eratosthenes

422 3340 465 3403 25
483 3337 544 3417 eit,
566 3338 607 3402 de
629 3355 740 3420 cause,
770 3340 856 3421 quod
877 3340 969 3404 initio
991 3358 1011 3404 a
1032 3339 1193 3404 llercurio
1217 3337 1304 3404 iacta
1325 3342 1366 3406 de
1387 3340 1561 3422 testudine,
1583 3339 1714 3422 Orpheo

549 3573 575 3626 D
594 3577 607 3628 1
626 3572 754 3642 allopium
768 3576 774 3642 Ι
788 3580 845 3627 etre
860 3574 866 3642 Ι
879 3577 897 3630 t
915 3573 1013 3628 setim
1026 3576 1032 3642 Ι
1047 3577 1064 3631 6
1082 3572 1202 3628 eruditos
1216 3574 1223 3643 Ι
1239 3579 1272 3631 10
1289 3574 1398 3630 trechiis
1411 3577 1418 3642 Ι
1433 3580 1466 3630 12
1483 3575 1658 3644 prometheos.
1677 3605 1710 3614 -—

482 3656 506 3711 G
525 3663 539 3713 1
557 3663 649 3712 cetrae
667 3661 673 3728 Ι
691 3661 709 3715 h
725 3664 767 3713 est
783 3658 859 3726 siguo
873 3660 879 3728 Ι
892 3663 911 3716 9
926 3659 1057 3714 iacentem
1078 3657 1113 3712 ad
1136 3675 1223 3726 genua
1237 3661 1243 3729 Ι
1259 3663 1291 3715 12
1308 3658 1373 3714 dicit
1390 3662 1396 3728 Ι
1416 3665 1449 3717 14
1466 3674 1483 3716 ιι
1501 3662 1507 3729 Ι
1528 3665 1560 3717 17
1576 3675 1709 3714 armorum

483 3760 534 3802 eor.
549 3749 555 3817 Ι
571 3748 603 3805 18
620 3745 711 3803 multis
727 3745 843 3818 aer-aptis
861 3745 1036 3819 ιιιιΙιιιιιΙιιιιΙ
1052 3751 1084 3806 lii
1102 3762 1199 3816 artigua
1217 3744 1359 3804 ιιιιιιιιιιιιιιι
1376 3753 1446 3803 eseot
1465 3745 1580 3820 lapidum
1596 3748 1601 3819 Ι
1615 3747 1709 3802 lrorru·

482 3833 523 3890 loe
535 3832 717 3906 defendisset!
732 3834 896 3905 allegasset
909 3837 915 3906 Ι
931 3841 965 3893 tt
978 3834 1063 3892 uoluit
1076 3836 1082 3907 Ι
1097 3840 1131 3892 24
1143 3833 1317 3906 sydera—ll
1335 3835 1502 3906 llrollopium
1516 3852 1579 3891 aueo
1593 3839 1599 3906 Ι
1613 3819 1688 3891 aciro
1702 3837 1707 3906 Ι

481 3921 1709 3992 lpossetthliramlttGraecaomtlthiomeuoslltleorumom.llixisse120de·

482 4002 598 4060 iendime
615 4022 666 4060 om.

550 4214 564 4266 1
582 4209 709 4280 ellopiam
730 4218 773 4268 est
793 4209 874 4267 lectio
896 4217 1028 4281 conopes
1054 4210 1181 4280 llicyllus
1202 4211 1267 4267 soni
1295 4211 1445 4282 Pelopium,
1471 4210 1595 4267 Heinsius
1612 4210 1703 4266 Cecro-

478 4291 695 4362 plum.iortasse
707 4293 848 4363 legendum
864 4302 907 4350 est
923 4296 1039 4365 ellopuru
1056 4310 1090 4350 ex
1104 4294 1149 4350 Gr.
1165 4286 1289 4358 ittonae
1303 4297 1309 4363 Ι
1324 4301 1340 4352 lt
1357 4303 1388 4351 ut
1405 4313 1456 4350 om.
1473 4294 1573 4350 herl
1588 4297 1594 4363 Ι
1608 4297 1625 4350 4
1638 4294 1704 4364 lapi-

477 4377 539 4431 dem
556 4377 643 4436 omli
658 4381 664 4448 Ι
678 4378 789 4448 hlyrum
806 4395 856 4435 om.
874 4379 933 4435 he
948 4381 954 4448 Ι
968 4379 1022 4436 liin
1039 4378 1172 4434 nonnullis
1190 4377 1263 4435 codd
1278 4387 1319 4436 est
1333 4375 1409 4450 ‘lyra’
1428 4379 1498 4449 quod
1516 4379 1635 4449 praefert
1646 4379 1705 4434 hlo-

476 4461 546 4529 dius,
564 4478 770 4517 commemorans
786 4463 870 4519 uerba
883 4464 1020 4519 ciceronis
1035 4451 1183 4519 ‘discebant
1199 4463 1267 4518 euim
1282 4465 1378 4519 fidibus
1392 4468 1397 4534 Ι
1411 4469 1429 4521 8
1443 4452 1614 4534 &dissideo
1633 4464 1703 4531 uulg.

481 4546 530 4599 dul
547 4552 599 4601 τεῦ
614 4547 774 4602 ‚emendaui
791 4563 825 4603 ex
842 4549 974 4604 sententia
986 4548 1035 4604 Tu
1050 4549 1160 4616 Bergkii
1175 4549 1284 4616 (Poetae
1301 4549 1390 4620 Lyrici
1399 4548 1501 4620 Graeci,
1519 4549 1626 4618 lipsiae
1637 4553 1705 4605 icto

475 4645 500 4698 p.
519 4632 587 4696 687),
605 4644 674 4697 quae
691 4630 813 4685 licaretur
828 4632 862 4686 lis
879 4647 947 4700 quse
963 4631 992 4684 iu
1009 4629 1072 4684 hd
1090 4639 1280 4700 proponuntur.
1308 4635 1515 4687 ΔΛΙΤΘΙΔΗιι)
1532 4632 1701 4703 mnatre!

477 4712 554 4769 nem
571 4710 805 4782 Gyemamysm
824 4714 850 4767 D
872 4713 1006 4768 thomirim
1023 4711 1086 4767 ert
1103 4713 1176 4780 uulg.
1193 4712 1337 4783 Thamyrin
1355 4715 1361 4783 Ι
1381 4719 1414 4770 12
1430 4715 1601 4783 prometheus
1618 4713 1702 4781 (llll

475 4794 618 4865 hyemeaas
629 4794 656 4848 D
670 4794 695 4849 G
709 4797 715 4864 Ι
730 4801 763 4852 14
775 4796 811 4852 ab
828 4793 853 4850 D
867 4794 893 4850 ll
905 4797 977 4864 uulg.
991 4810 1009 4851 a
1023 4797 1029 4866 Ι
1043 4794 1183 4851 &duxerit
1195 4796 1221 4850 l)
1230 4796 1258 4853 ll
1271 4798 1278 4868 Ι
1294 4801 1326 4854 lh
1339 4812 1417 4867 quum
1430 4797 1520 4868 plures
1532 4796 1557 4852 N
1572 4801 1577 4866 Ι
1594 4800 1627 4854 16
1644 4796 1704 4850 her·
1720 4841 1722 4848 .

474 4880 528 4935 culi
544 4879 570 4934 D
587 4880 723 4935 herculem
745 4880 769 4936 (l
784 4881 911 4952 u-aoqus
936 4882 975 4938 sic
1000 4882 1081 4950 uulgo
1106 4881 1226 4938 scribunt
1239 4883 1245 4949 Ι
1259 4881 1404 4938 deieceriat
1425 4881 1519 4938 DGN
1540 4880 1696 4936 deiecerunt

475 4969 488 5020 l
509 4964 584 5021 Voss.
602 4965 674 5034 uulg.
688 4964 833 5022 delicerent
846 4969 853 5036 Ι
866 4970 900 5023 tt
918 4965 971 5022 adt
989 4967 1022 5020 D.
1041 4964 1139 5022 afferte
1156 4965 1219 5022 (ill
1233 4967 1239 5036 Ι
1253 4971 1287 5023 il
1304 4965 1392 5023 sidere
1408 4967 1433 5020 D
1452 4967 1523 5036 uulg.
1541 4973 1622 5022 astra
