4020 5910
914 709 1105 798 ..3-

480 879 535 941 His
557 865 730 960 propositis,
761 881 843 944 11111
862 881 1078 944 demonstrasse
1100 879 1231 944 arbitror
1256 885 1411 958 utrumque
1432 879 1541 966 librum
1562 897 1622 944 nou

392 983 489 1044 solum
519 983 614 1043 eidem
644 983 787 1062 tempori,
816 983 869 1044 sed
899 982 989 1044 etiarn
1019 983 1114 1045 cidem
1143 985 1259 1044 auctori
1289 981 1432 1058 originem
1462 999 1544 1044 suam
1574 983 1625 1045 de·

392 1083 465 1142 here
488 1124 495 1140 .
517 1081 646 1158 accedit,
667 1082 745 1156 quod
766 1087 871 1142 auctor
892 1082 1165 1142 Astronomicorum
1177 1083 1318 1142 'meminit
1339 1082 1584 1156 Genealogiarum
1605 1099 1625 1143 a

393 1197 426 1240 se
448 1180 633 1258 scriptarum,
655 1197 777 1253 quarum
799 1185 923 1260 partem,
943 1186 977 1241 ut
998 1182 1057 1241 iam
1078 1181 1137 1241 alio
1159 1185 1291 1257 tempore
1313 1179 1389 1261 dixi,
1409 1179 1541 1243 Fabulae
1563 1181 1625 1258 Hy·

390 1281 454 1358 gini
476 1298 549 1357 quas
571 1279 674 1342 dicunt
695 1298 815 1344 seruare
837 1283 983 1344 uidentur.

478 1381 616 1445 Affirmat
633 1385 765 1460 Hyginus
784 1402 855 1464 rem,
876 1386 913 1446 de
936 1401 993 1460 qua
1014 1387 1122 1464 agitur,
1143 1385 1194 1446 diu
1215 1385 1273 1446 sibi
1294 1403 1359 1448 esse
1380 1387 1624 1463 circumspectam

389 1485 439 1565 (ci.
461 1488 512 1548 lih.
535 1489 555 1550 4
578 1504 623 1563 op.
648 1486 697 1567 14)
718 1503 840 1562 seseque
862 1487 989 1564 optimos
1011 1488 1171 1571 scriptores
1193 1495 1324 1550 secutum
1346 1507 1424 1572 esse,
1453 1507 1509 1554 nec
1539 1494 1624 1554 uolu-

391 1610 456 1653 mus
474 1610 539 1653 oum
557 1592 587 1652 in
606 1592 712 1653 111111
731 1591 901 1668 impugnare
919 1637 927 1654 .
945 1591 1115 1672 scriptores,
1132 1591 1182 1669 qui
1205 1598 1477 1676 commemorantur,
1492 1595 1523 1657 hi
1542 1600 1622 1659 sunt:
1660 1650 1663 1659 .

479 1699 494 1757 1
516 1697 679 1773 Aeschylus
696 1697 735 1779 11,
759 1700 797 1760 15
821 1702 851 1758 et
873 1700 914 1759 37
933 1740 940 1757 .
959 1702 1222 1759 commemorantur
1239 1697 1301 1758 eius
1315 1691 1523 1785 Προμηθεὺς
1546 1693 1623 1765 λυό-

387 1821 492 1882 μενος
514 1799 556 1879 11,
583 1803 601 1862 6
630 1804 661 1860 et
686 1795 850 1883 Φορκίδες
871 1800 910 1878 H,
934 1803 982 1863 lh.
1005 1832 1046 1844 -
1067 1799 1097 1860 11
1118 1798 1331 1874 Aglaosthenes
1358 1781 1402 1863 ἐν’
1419 1809 1491 1877 τοῖς
1517 1801 1623 1882 Ναξι-

394 1911 468 1979 κοῖς
488 1903 527 1981 H,
551 1905 569 1963 2
592 1907 623 1962 et
647 1905 685 1982 16
710 1900 746 1961 ci.
790 1902 913 1963 Vossius
935 1901 981 1961 De
1003 1901 1071 1962 hist.
1093 1899 1144 1961 Gr.
1167 1903 1196 1978 3,
1221 1903 1407 1976 11240.-
1430 1902 1474 1961 ΙΙΙ
1495 1902 1623 1965 Alexan·

389 2005 447 2065 der
463 2004 502 2081 Π,
520 2008 569 2067 21.
587 2003 664 2064 huno
681 2004 815 2065 nonnulli
831 2003 1030 2064 Alexandrum
1048 2002 1185 2064 Aetolum
1207 2019 1272 2063 esse
1294 2006 1408 2082 putant,
1428 2003 1623 2066 aliiAlexan·

390 2105 478 2164 drum
487 2104 663 2180 Ephesium3
681 2121 804 2178 quorum
821 2109 945 2178 uterque
962 2104 1070 2163 librum
1089 2105 1243 2178 scripsisse
1260 2103 1377 2180 dicitur,
1395 2105 1445 2178 qni
1462 2106 1621 2182 inscriptus

392 2209 458 2264 crat
492 2199 684 2285 Φαινόμενα
713 2203 760 2283 (ei.
782 2204 933 2283 Mainake,
963 2204 1107 2265 Analecta
1135 2203 1283 2265 litteraria
1312 2223 1340 2280 p.
1364 2208 1425 2268 a15
1448 2205 1549 2284 1111).
1571 2209 1623 2269 sed

390 2303 518 2366 fortasse
549 2306 683 2379 Hyginus
709 2303 873 2368 Alexandri
894 2306 1092 2380 Polyhistoris
1123 2307 1329 2367 auctoritatem
1359 2311 1477 2367 secutus
1503 2311 1561 2387 est,
1590 2308 1622 2369 id

390 2407 470 2480 quod
501 2409 589 2466 etiam
611 2406 759 2466 Merkelio
790 2406 828 2466 ad
854 2406 939 2466 Ouid.
960 2407 1041 2466 Fast
1063 2425 1091 2481 p.
1115 2411 1156 2469 90
1177 2407 1259 2468 uenit
1288 2407 1319 2466 in
1349 2410 1475 2467 mentem
1495 2451 1504 2468 .
1526 2425 1622 2469 sermo

389 2507 470 2564 enim
492 2511 538 2566 est
559 2507 579 2565 l.
602 2523 626 2564 o.
649 2523 705 2565 non
729 2507 765 2565 de
787 2504 937 2565 rebusad
966 2505 1157 2579 astrologiam
1179 2505 1408 2582 pertinentibus,
1428 2506 1480 2566 sed
1503 2505 1540 2569 de
1562 2512 1622 2582 ety-

388 2606 519 2680 mologia
548 2605 710 2685 nominum,
740 2612 771 2668 et
793 2624 867 2681 quae
898 2624 934 2667 ex
956 2606 1124 2667 Alexandro
1146 2612 1363 2685 proponuntur,
1388 2605 1431 2667 ita
1453 2613 1521 2668 sunt
1542 2625 1621 2669 com·

390 2713 509 2786 parate,
539 2714 572 2769 ut
600 2727 664 2768 eum
686 2709 848 2770 Alexandri
869 2709 1066 2784 Polyhistoris
1088 2710 1254 2785 explicandi
1284 2710 1398 2771 ratione
1429 2712 1622 2772 consentiant.
1681 2683 1688 2705 ⁴

390 2845 432 2856 -
454 2811 496 2870 IV
518 2811 651 2891 Amphis,
673 2812 889 2873 comoediarum
911 2811 1039 2886 scriptor
1056 2811 1095 2890 H,
1118 2817 1134 2874 l
1159 2811 1195 2872 de
1217 2829 1275 2886 quo
1296 2812 1383 2886 plura
1404 2814 1524 2888 scripsit
1545 2813 1622 2875 Mei·

389 2914 475 2993 nekc,
497 2913 615 2989 Fragm.
636 2931 709 2974 com.
732 2913 783 2974 Gr.
805 2916 863 2975 uol.
886 2917 905 2976 3
927 2933 956 2989 p.
979 2917 1050 2976 301.
1072 2947 1115 2959 -
1137 2914 1172 2974 V.
1189 2914 1344 2975 Anacreon
1361 2914 1400 2992 H,
1423 2917 1441 2977 6
1465 2959 1472 2975 .
1494 2933 1622 2996 uersum,

386 3033 474 3090 quem
495 3021 703 3077 commemorat
713 3017 863 3095 uiuamus,
880 3000 1082 3091 superioribus
1091 3016 1272 3093 temporibus
1289 3017 1348 3077 uiri
1365 3016 1445 3077 docti
1462 3018 1500 3078 ad
1518 3019 1621 3080 Teium

390 3122 507 3192 poetam
530 3119 720 3199 rettulerunt,
750 3119 889 3181 hloinolre
910 3123 1007 3180 autem
1028 3117 1123 3196 (Amal.
1145 3111 1236 3180 litter.
1258 3138 1287 3195 p.
1309 3117 1382 3199 143)
1407 3125 1507 3182 censet
1529 3117 1622 3198 Hygi-

390 3227 611 3284 111111111111111
639 3241 703 3286 osse
725 3222 940 3286 Anacreontom
972 3223 1129 3305 qnondam,
1150 3221 1380 3286 Alexandrinum
1411 3229 1541 3308 poetam,
1571 3224 1621 3303 qui

391 3326 520 3388 carmine
552 3329 682 3404 elegiaco
710 3330 916 3391 Phaenomena
946 3328 1130 3403 explicuerit.
1152 3361 1193 3373 -—
1215 3329 1256 3388 VI
1278 3328 1425 3390 Araethus
1446 3329 1590 3404 Tegeates
1612 3374 1621 3393 .

390 3432 480 3503 uulgo
503 3430 711 3491 1111111111.
734 3436 752 3493 2
777 3448 821 3505 cp.
847 3411 1403 3511 1111111111111111111111161
1423 3434 1452 3508 s,
1474 3434 1536 3494 uss
1559 3433 1620 3492 cor-

390 3531 433 3590 cit
453 3531 594 3592 Areithua
618 3579 624 3592 .
647 3533 699 3593 sed
720 3533 854 3608 Hyginus
885 3532 1009 3594 eundem
1039 3534 1212 3608 scriptorem
1243 3532 1374 3592 excitare
1399 3532 1472 3592 mihi
1492 3534 1620 3612 uidetur,

390 3633 441 3708 qui
463 3635 542 3708 apud
564 3633 661 3695 Schol.
682 3635 738 3710 Ap.
760 3635 854 3697 Ithod
875 3641 902 3714 l,
924 3639 987 3698 498
1000 3629 1164 3720 {sceneos
1185 3638 1231 3695 est
1252 3679 1259 3694 .
1282 3634 1331 3694 hie
1352 3632 1408 3694 init
1428 3633 1619 3696 historiarum

387 3735 528 3811 scriptor.
547 3769 588 3781 -—
606 3737 790 3798 1111111111
812 3781 821 3798 .
842 3737 928 3798 huius
950 3738 1082 3798 meminit
1104 3736 1236 3811 Hyginus
1256 3736 1296 3816 ll,
1318 3739 1351 3809 6;
1376 3739 1414 3798 18
1437 3739 1469 3796 at
1490 3739 1545 3815 253
1566 3737 1619 3816 III,
1692 3793 1697 3804 .

394 3843 431 3900 11
465 3843 496 3900 et
527 3842 581 3918 293
615 3840 684 3919 1111,
714 3844 730 3901 l
764 3845 795 3901 et
826 3840 951 3900 l.sed
982 3840 1032 3914 qui
1058 3840 1230 3900 accuratius
1258 3842 1413 3912 utrumque
1443 3841 1619 3914 scriptorem

389 3943 624 4020 comparauerit,
654 3943 785 4003 inuerdet
814 3942 961 4018 Hyginum
983 3943 1071 4002 etiarn
1101 3940 1168 4002 aliis
1198 3941 1271 4002 locis
1302 3939 1387 4000 Arati
1401 3941 1619 4008 'auctoritatem
1649 3989 1650 3994 1

387 4046 523 4101 secutum
554 4059 633 4120 esse,
663 4043 720 4102 etsi
750 4059 856 4103 nomen
885 4043 948 4102 eius
970 4058 1029 4102 non
1051 4058 1167 4116 semper
1187 4041 1336 4102 addiderit
1356 4084 1365 4101 .
1386 4042 1444 4103 hue
1465 4042 1621 4104 referenda

392 4146 464 4214 puto
487 4159 536 4219 ea,
566 4158 640 4214 qnae
670 4142 721 4201 lih.
744 4146 764 4202 3
786 4160 833 4216 op.
857 4147 895 4203 12
919 4142 955 4201 de
978 4147 1045 4201 ortu
1068 4145 1098 4200 et
1127 4158 1234 4200 oeoasu
1259 4143 1388 4201 siderum
1408 4146 1621 4216 proponuntur.

391 4241 525 4316 Hyginus
555 4243 619 4316 ipse
650 4241 723 4301 dicit
752 4243 783 4301 in
804 4241 955 4316 prooemio
986 4258 1019 4301 so
1044 4241 1150 4319 multa,
1180 4258 1254 4315 quae
1284 4242 1322 4301 ab
1343 4241 1437 4301 Arato
1467 4241 1646 4316 obscurius,

391 4347 491 4402 essent
511 4343 605 4422 diota,
626 4343 792 4404 accuratius
814 4347 1000 4419 persecutum
1021 4359 1087 4403 esse
1108 4386 1116 4403 .
1138 4358 1228 4416 quare
1249 4342 1326 4402 huno
1347 4342 1530 4418 potissimum
1552 4347 1620 4404 aute

389 4447 492 4507 oeulos
515 4447 654 4508 hahuisse
675 4447 802 4508 uidetur.
820 4480 861 4492 —
879 4446 950 4508 Vlll
971 4445 1176 4522 Argolicorum
1194 4444 1354 4521 scriptores
1376 4447 1414 4526 11,
1436 4449 1455 4510 t
1479 4463 1536 4522 quo
1554 4448 1619 4509 loeo

389 4549 557 4628 exponitur,
579 4565 632 4610 cur
654 4566 764 4610 corona
785 4549 931 4610 Ariadnes
953 4552 1031 4610 inter
1052 4549 1151 4610 sidera
1172 4549 1332 4609 nonantula
1353 4549 1401 4609 sit
1423 4582 1464 4594 -
1486 4549 1531 4610 IX
1551 4548 1620 4609 Arl-

391 4652 559 4712 stomachus
580 4653 619 4731 ll,
642 4656 684 4714 34
705 4652 756 4713 uhi
778 4652 815 4714 de
837 4654 946 4714 Orione
969 4654 1150 4733 disputatur,
1171 4669 1230 4726 quo
1251 4654 1317 4714 loeo
1340 4651 1462 4713 Vossius
1484 4651 1529 4711 De
1550 4649 1619 4711 hist

391 4753 443 4814 Gr.
465 4772 493 4829 p.
517 4756 578 4818 506
600 4755 755 4830 legendum
776 4759 862 4831 putat
882 4755 1082 4833 Aristonicus,
1112 4753 1164 4815 sed
1190 4758 1356 4829 repugnant
1372 4753 1488 4815 codices
1509 4751 1621 4829 Hygini

391 4862 423 4918 11
444 4856 541 4919 Sohol
564 4857 740 4919 Germanici.
762 4859 793 4920 ui
815 4857 912 4939 lallor,
933 4864 978 4920 est
999 4857 1221 4918 Aristomachus
1243 4856 1445 4938 Atheniensis,
1470 4855 1547 4916 alius
1574 4858 1621 4916 est

392 4958 613 5024 Aristomachus
636 4961 780 5041 Solensis,
810 4961 892 5023 cuius
923 4959 1128 5023 auctoritatem
1150 4963 1268 5021 secutus
1300 4964 1346 5020 est
1367 4953 1464 5021 Julius
1485 4957 1621 5034 Hyginus

1382 5057 1412 5114 lt
