4020 5910
904 755 1094 826 -9··.·

474 915 653 994 Fabularurr.
675 924 772 981 autem
795 921 904 997 llygini
931 941 1016 986 nerno
1038 931 1171 988 ueterum
1193 930 1370 1006 scriptorum
1392 937 1513 1007 praeter
1533 934 1622 996 Dosi-

388 1019 488 1080 theum
506 1018 652 1097 meminit;
674 1038 741 1080 nam
763 1039 837 1096 quas
855 1025 934 1100 apud
951 1027 1106 1087 Paulinum
1123 1030 1268 1090 Nolanum
1290 1033 1413 1108 legimus
1431 1035 1462 1094 in
1484 1037 1622 1117 carmine,

392 1121 470 1194 quod
492 1119 572 1180 circa
593 1138 699 1181 annum
722 1125 786 1184 394
808 1126 948 1199 scriptum
980 1129 1111 1206 uidetur,
1140 1130 1179 1190 ad
1200 1132 1308 1193 librum
1330 1135 1473 1208 quendam
1496 1136 1527 1196 (i.
1548 1137 1622 1197 Julii

389 1221 498 1296 Hygini
519 1221 675 1282 referenda
696 1229 768 1296 puto
790 1267 798 1284 .
820 1227 912 1286 uerba
943 1229 1006 1288 cius
1028 1230 1094 1303 ipsa
1111 1232 1196 1303 posui
1217 1233 1265 1308 (cl.
1282 1235 1381 1294 Pontii
1402 1235 1621 1312 1111310ῃὶ1Δηί-
1716 1243 1718 1248 '

387 1323 447 1381 ceti
468 1322 585 1416 Paulini
607 1324 738 1396 episcopi
760 1325 867 1386 Nolani
889 1343 936 1401 op.
960 1329 1005 1387 ed
1026 1328 1140 1391 Ladon.
1161 1331 1270 1393 Anien.
1295 1334 1456 1413 hiuratori,
1483 1336 1620 1396 Ueronae

391 1425 474 1484 1736
497 1441 525 1498 p.
550 1423 633 1500 706);

546 1577 623 1649 Quid
644 1579 749 1652 loquar
770 1583 801 1639 et
822 1579 953 1660 Uestam,
974 1599 1060 1656 quarn
1083 1601 1115 1644 se
1136 1590 1225 1659 negat
1246 1586 1310 1660 ipse
1332 1589 1469 1649 sacerdos

544 1679 630 1756 scire,
651 1681 721 1754 quid
744 1681 812 1740 est?
833 1682 956 1756 imisque
979 1688 1076 1743 tamen
1098 1686 1300 1760 penetralibus
1322 1687 1400 1748 intus

545 1796 660 1854 semper
681 1781 874 1842 inexstinctus
896 1786 1010 1843 seruari
1032 1781 1152 1858 fingitur
1172 1786 1258 1860 ignis.

544 1897 597 1939 cnr
619 1881 683 1959 dea,
705 1897 763 1942 non
786 1884 857 1944 deus
880 1884 948 1944 est?
974 1903 1027 1945 cur
1048 1887 1125 1960 ignis
1147 1885 1255 1947 femina
1277 1887 1395 1948 lentur?

544 1983 602 2042 ista
624 1983 739 2058 paridem
761 1986 877 2064 mulier,
897 1987 973 2047 sicut
995 1989 1179 2050 commendat
1200 1990 1343 2071 llyginns,

545 2088 667 2147 stamine
690 2089 785 2162 prima
806 2105 883 2148 nouo
906 2095 1018 2149 uestem
1040 2093 1190 2152 contexuit
1212 2093 1282 2152 olim

545 2191 661 2251 nominc
683 2191 720 2251 de
742 2193 863 2268 proprio
886 2193 1003 2272 dietam,
1025 2211 1111 2268 quam
1133 2195 1257 2256 tradidit
1278 2196 1343 2272 ipsa

545 2292 689 2372 Uulcano,
711 2295 760 2368 qui
783 2299 853 2355 tunc
874 2296 919 2356 illi
942 2301 1122 2358 monstrarat
1143 2303 1262 2373 opertos

546 2397 695 2457 custodire
717 2397 798 2458 iocos
821 2441 829 2458 .
851 2397 899 2457 hie
921 2416 1037 2458 rursum
1059 2417 1179 2460 munere
1201 2402 1296 2461 lactus

546 2497 655 2557 obtulit
676 2499 751 2558 hanc
774 2499 845 2578 Soli,
866 2517 920 2574 pcr
942 2517 1027 2573 quem
1049 2484 1246 2574 deprenderat
1268 2507 1336 2563 ante

547 2599 654 2660 Martis
676 2601 860 2661 adulterium.
891 2619 967 2661 nunc
989 2602 1083 2662 omnis
1106 2604 1226 2663 credula
1248 2606 1336 2665 turba

546 2702 728 2776 suspendunt
749 2702 811 2763 Soli
833 2720 887 2780 per
909 2703 1084 2764 Uulcanalia
1106 2709 1212 2767 uestes.
1270 2688 1272 2692 ⁵
1458 2711 1463 2748 ²
1502 2725 1507 2737 ’

478 2857 584 2918 Iulium
607 2857 754 2932 Hyginum
776 2859 865 2919 etiam
895 2858 926 2918 in
948 2860 1025 2920 libro
1047 2860 1092 2920 De
1114 2859 1219 2934 apibus
1242 2861 1357 2923 tabulas
1379 2868 1532 2938 poetarum
1554 2881 1624 2939 pro-

391 2962 527 3033 posuisse
557 2959 619 3020 dlxi
650 2963 681 3019 in
702 2962 838 3034 Prolcgg.
860 2962 898 3022 ad
920 2960 1049 3021 Fabulae
1064 2947 1099 3035 p.
1124 2966 1172 3023 10.
1202 2962 1277 3022 Item
1308 2964 1347 3024 ad
1369 2965 1491 3025 eundem
1513 2965 1623 3025 dulium
1709 2953 1716 2964 ’

393 3061 540 3137 Hyginum
562 3061 749 3122 referendum
780 3067 826 3122 est
847 3061 1041 3136 fragmentum
1071 3066 1102 3123 in
1124 3064 1279 3124 Philoxeni
1300 3066 1446 3140 glossario
1467 3065 1514 3143 (c'l.
1537 3067 1623 3128 Glos-

393 3165 473 3225 saria
494 3165 562 3244 duo,
583 3183 599 3226 e
622 3167 681 3226 situ
699 3167 855 3226 uetustatis
878 3172 963 3227 creta
985 3172 1041 3227 ete.
1063 3167 1108 3227 ed
1126 3166 1217 3226 Henr.
1234 3166 1400 3241 Stephanus
1422 3185 1499 3228 anuo
1518 3171 1624 3248 must:

393 3269 499 3328 Paleta
519 3267 585 3344 (leg.
607 3267 698 3347 Pala),
720 3263 887 3354 σφενδόνη
912 3265 1089 3332 δακτυλίου
1113 3259 1159 3344 ὡς
1176 3259 1302 3349 Ὑγῑνος
1325 3265 1360 3334 ἐν
1381 3271 1429 3353 τῷ
1450 3313 1458 3330 .
1481 3317 1488 3331 .
1511 3317 1519 3332 .
1541 3317 1548 3332 .
1569 3271 1625 3348 (in-

391 3373 516 3446 scriptio
538 3371 608 3432 libri
630 3371 757 3450 excidit).
1168 3359 1170 3364 ’
1320 3385 1330 3425 a

479 3473 537 3534 Sed
568 3473 607 3533 ad
637 3474 820 3547 propositam
851 3477 1035 3533 reuertamur
1065 3477 1095 3533 et
1123 3473 1160 3534 da
1182 3473 1248 3534 aliis
1271 3473 1360 3533 rebus
1382 3491 1454 3548 qaas
1477 3475 1625 3537 studiosos

393 3576 479 3636 liuius
506 3573 576 3634 libri
607 3576 684 3635 scire
714 3577 851 3654 interest,
881 3590 1060 3649 exponamus
1082 3618 1090 3636 .
1111 3574 1255 3634 librorum
1281 3575 1459 3648 scriptoram
1480 3578 1627 3638 Astrono·

393 3678 489 3737 micon
507 3676 617 3750 Hygini
638 3693 759 3750 magnus
781 3693 918 3736 numerus
941 3679 971 3735 et
992 3677 1063 3736 olim
1080 3675 1137 3736 luit
1158 3680 1189 3735 ct
1205 3691 1282 3734 nanc
1303 3680 1350 3734 est
1371 3716 1380 3734 .
1401 3676 1472 3736 item
1493 3679 1625 3738 uirorum

393 3767 546 3840 doctorum
567 3793 660 3851 opera
690 3782 720 3837 et
742 3794 813 3837 cura
834 3777 882 3837 hic
903 3776 981 3837 liber
1003 3777 1120 3850 saepius
1142 3776 1239 3838 editus
1261 3780 1292 3836 ct
1313 3775 1553 3839 adnotationibus
1576 3797 1626 3840 or·

393 3893 480 3949 natus
502 3878 592 3960 egtff)
634 3879 736 3941 Editio
766 3881 905 3955 princeps
927 3879 1039 3953 prodiit
1066 3895 1142 3939 anno
1167 3880 1263 3951 14753
1286 3877 1323 3938 de
1345 3895 1403 3952 qna
1424 3882 1628 3958 Schneiperus

394 3990 569 4074 (Handbuch
596 3994 649 4053 dor
675 3991 854 4053 elassischcn
876 3991 1110 4070 Bibliographic‚
1131 3990 1254 4066 Leipzig
1278 3988 1446 4067 1832,13d
1469 3990 1488 4048 2
1511 4004 1540 4062 p.
1557 3987 1631 4060 466)

396 4095 503 4154 haecce
534 4095 701 4168 proposuit:
728 4085 852 4169 ‘Hygini
882 4095 1019 4169 poeticen
1040 4091 1266 4154 astronomicam
1290 4097 1310 4154 4
1331 4087 1508 4173 (Ferrariae)
1529 4089 1630 4161 Augu·

395 4197 491 4256 atinus
517 4195 694 4275 (bernerius)
717 4199 808 4258 1416.
830 4201 903 4256 rem
927 4199 968 4258 60
989 4195 1047 4254 Β11.
1077 4195 1132 4255 mit
1154 4198 1194 4256 27
1218 4195 1331 4272 zellen,
1361 4193 1437 4254 ohne
1460 4190 1540 4272 Siga.
1570 4189 1630 4247 end
1655 4273 1657 4282 Ι

397 4296 611 4356 Scitonaahlcn.
642 4296 688 4356 Bl.
705 4303 722 4359 1
740 4297 782 4358 ist
793 4297 891 4376 weiss3
909 4296 955 4357 Bl.
966 4301 996 4374 2,
1013 4295 1162 4370 abeginnt
1179 4295 1232 4355 mit
1251 4294 1424 4356 HYGINVS
1441 4293 1483 4352 Μ.
1501 4291 1631 4352 FABIO.

469 4515 495 4581 ⁸)
510 4515 542 4569 ln
559 4514 722 4570 bibliotheca
738 4513 813 4584 regia
829 4512 1008 4582 Berolineusi‚
1031 4511 1059 4568 in
1075 4527 1128 4583 qna
1154 4511 1304 4609 permultae
1320 4510 1399 4566 huius
1422 4509 1484 4566 libri
1502 4507 1631 4565 editiones

398 4607 579 4665 asseruontur,
597 4608 639 4657 cst
655 4601 736 4657 etiam
748 4600 863 4670 libellus,
880 4599 926 4670 qul
938 4598 1092 4655 inscribitur
1108 4597 1147 4654 sic
1171 4597 1301 4669 Hyginius
1324 4613 1376 4654 ron
1393 4595 1505 4652 denllll
1522 4593 1633 4650 aaiohen

399 4685 454 4742 und
479 4685 583 4756 pildcrn
609 4685 656 4742 des
681 4685 791 4757 liymela
817 4685 867 4741 mit
891 4683 971 4756 yades
997 4678 1093 4741 stara
1115 4682 1193 4738 Auch
1218 4681 1262 4738 die
1279 4689 1361 4737 natur
1382 4680 1438 4737 und
1463 4677 1634 4752 eygenschcit

400 4771 450 4827 der
466 4771 609 4826 menschen
625 4787 656 4828 so
673 4771 717 4825 die
735 4771 864 4846 durantur
880 4769 996 4839 gehercu
1017 4768 1132 4824 werden.
1168 4765 1306 4822 Gedrucht
1331 4783 1365 4822 zu
1382 4768 1525 4836 Augspnrg
1550 4763 1634 4819 durch

401 4855 509 4910 Erhard
525 4854 626 4911 rutdolt
647 4855 675 4908 in
697 4853 757 4910 dem
775 4853 915 4910 Lxxxxi
930 4846 1005 4924 jaro.³
1030 4853 1141 4910 Constat
1158 4852 1204 4908 iol.
1214 4856 1250 4910 60
1266 4852 1293 4906 iu
1310 4855 1336 4908 4.
1354 4858 1396 4907 est
1412 4850 1480 4906 liber
1497 4847 1636 4918 astrologi·

401 4957 460 5012 cus,
477 4941 520 4997 eni
537 4957 571 4997 cx
587 4940 687 5013 llygini
704 4942 776 4998 Astr.
794 4939 924 4997 nonnulla
940 4938 1031 4996 additu
1048 4945 1111 4997 sunt
1129 4980 1136 4996 .
1154 4937 1221 4994 alias
1238 4937 1317 4994 huius
1333 4936 1394 4993 libri
1416 4934 1546 4992 editiones
1564 4949 1635 4990 oom-

400 5033 530 5084 memorat
547 5027 697 5098 Schueigcr
715 5028 733 5082 1.
751 5043 773 5083 a
791 5043 818 5098 p.
836 5029 893 5084 466.
