4016 5914
875 689 1226 801 -’-81-”

743 1004 930 1092 LIBER
960 1005 1225 1092 TERTIUS.

456 1275 469 1338 l
503 1275 605 1360 Igitur
629 1274 815 1359 incipiemus
838 1297 857 1345 a
878 1279 954 1363 polo
977 1280 1075 1347 boreo
1098 1277 1245 1362 protinus
1268 1277 1383 1361 dicere,
1406 1296 1468 1362 qno
1491 1281 1598 1346 utrae·

367 1395 430 1460 qne
448 1377 536 1442 Arcti
558 1379 651 1454 nixae
674 1379 843 1462 uehuntur,
865 1382 983 1448 arctico
1003 1381 1121 1446 circulo
1144 1381 1271 1447 clausae
1294 1379 1393 1447 etita
1414 1381 1598 1463 collocatae,

367 1484 406 1544 ut
427 1479 560 1544 alternis
582 1498 769 1581 unaqpeqne
791 1500 901 1547 oanrm
924 1483 1110 1566 resupinata
1132 1485 1229 1567 caput
1254 1481 1388 1549 alterius
1418 1485 1527 1566 tegere
1549 1483 1596 1549 ui·
1685 1477 1723 1574 p

370 1583 492 1666 dentur,
515 1584 560 1650 ita
582 1589 698 1668 tannen,
720 1589 757 1650 ut
778 1591 876 1669 caput
898 1587 966 1653 eius
989 1606 1072 1670 equae
1093 1586 1241 1671 superior
1262 1584 1372 1671 fuerit,
1398 1584 1439 1652 ad
1462 1585 1635 1654 candamb
1717 1603 1720 1617 ’

349 1686 529 1766 ‚interioris
552 1689 748 1756 contendat.
767 1688 879 1756 harum
903 1690 1005 1757 maior
1026 1692 1058 1756 in
1077 1685 1219 1758 extremo
1240 1689 1361 1758 circulo
1384 1691 1483 1774 pedes
1499 1689 1598 1757 habet

329 1775 351 1850 :¹
370 1789 449 1857 fixos
472 1837 479 1854 .
501 1797 670 1874 praeterea
692 1792 789 1858 babet
819 1794 852 1858 in
883 1795 987 1876 capite
1009 1795 1119 1860 stellas
1142 1794 1206 1859 Vll
1228 1811 1338 1860 omnes
1369 1794 1534 1875 obscuras,
1563 1793 1597 1858 in

370 1893 514 1973 utrisque
537 1893 667 1958 auribus
689 1893 844 1978 binaspin
866 1894 999 1960 humero
1022 1896 1141 1960 claram
1158 1895 1183 1975 1,
1204 1895 1238 1959 in
1259 1894 1342 1977 pede
1363 1895 1537 1960 nouissimo
1556 1893 1597 1976 11,

368 1993 400 2057 in
419 2011 541 2058 summo
560 1993 775 2075 interscapilio
788 1994 814 2074 1,
831 1994 863 2059 in
883 2012 976 2060 crure
994 1995 1034 2060 dc
1056 1995 1288 2077 posterioribus
1306 1996 1408 2078 primo
1421 1996 1446 2076 Ι,
1462 1995 1495 2060 in
1513 1996 1597 2078 pede

368 2095 476 2177 priore
506 2095 546 2172 ΙΙ,
581 2095 613 2158 in
653 2095 755 2160 cauda
789 2096 861 2178 ipsa
890 2099 957 2162 tres
989 2144 995 2158 .
1026 2098 1072 2162 ita
1106 2098 1205 2163 totius
1235 2096 1349 2162 sideris
1380 2098 1492 2162 stellae
1523 2101 1598 2163 sunt
1616 2100 1658 2165 10

369 2195 496 2260 omnino
515 2195 599 2260 XXI.
632 2197 736 2261 llinor
754 2201 862 2262 autern
880 2196 978 2263 habet
999 2197 1032 2262 in
1055 2197 1201 2263 stationis
1223 2217 1416 2281 unoquoque
1432 2198 1503 2263 loce
1521 2197 1597 2264 stel-

365 2297 417 2388 las
440 2296 581 2379 singulas
604 2297 688 2363 clare
707 2299 859 2380 lucentes,
881 2304 914 2364 el
935 2318 1034 2381 supra
1056 2299 1189 2365 caudam
1208 2300 1266 2376 ΙΙΙ,
1288 2301 1415 2366 omnino
1433 2300 1503 2364 Vll.
1533 2299 1597 2366 Sed

369 2399 400 2463 in
423 2398 585 2482 prioribus
608 2402 727 2465 caudae
757 2400 859 2466 stellis
890 2420 955 2467 una
977 2406 1026 2466 est
1047 2400 1155 2466 infima
1182 2420 1262 2484 quae
1289 2401 1383 2484 polus
1405 2401 1597 2484 appellatur,
1649 2387 1654 2394 ⁸

368 2506 405 2564 ut
426 2501 655 2566 Eratosthenes
678 2502 769 2583 dicit,
799 2521 858 2584 per
888 2520 983 2583 quem
1005 2503 1110 2568 locum
1141 2503 1211 2585 ipse
1237 2504 1374 2569 mundus
1395 2503 1596 2569 existimatur

366 2601 504 2684 uersari;
526 2601 640 2684 reliqui
663 2608 770 2668 autern
789 2604 851 2669 duo
871 2604 1042 2670 chereutue
1062 2605 1219 2686 dicuntur,
1241 2605 1327 2686 quod
1346 2605 1463 2670 circum
1486 2605 1595 2688 polum
1614 2603 1654 2671 15

367 2707 546 2768 uersentur.

451 2806 482 2871 ΙΙ
505 2805 655 2872 11111100
679 2807 762 2873 inter
784 2810 863 2874 duas
882 2809 996 2875 Arctos
1015 2807 1197 2891 collocatus,
1215 2809 1344 2875 uidetur
1361 2810 1505 2893 corporis
1523 2807 1594 2874 sinu

366 2908 450 2976 iacto
469 2913 599 2975 Arctum
624 2911 779 2977 minorem
802 2913 848 2978 ita
866 2914 1065 2996 concludere,
1082 2918 1118 2980 ut
1135 2933 1238 2996 paene
1255 2915 1353 2997 pedes
1371 2913 1439 2979 eius
1461 2918 1595 2996 tangere

368 3015 523 3094 uideatur,
545 3015 646 3080 cauda
669 3020 776 3080 autem
798 3014 879 3080 flexa
901 3022 998 3100 caput
1019 3017 1149 3083 maioris
1168 3017 1334 3099 adtingere
1353 3021 1386 3083 et
1408 3035 1466 3120 suo
1489 3017 1595 3098 capite

367 3163 410 3170 ..-
417 3161 568 3170 ..κ-..-

431 3251 455 3304 D
474 3256 491 3304 4
504 3251 589 3318 capud
603 3252 608 3317 1
624 3255 640 3303 7
653 3251 778 3304 obscuras
795 3250 921 3318 utrisque.
936 3250 1006 3304 -11
1024 3256 1040 3307 3
1053 3257 1140 3306 arctos
1154 3253 1159 3318 l
1176 3256 1208 3306 12
1221 3264 1302 3319 super
1317 3252 1322 3317 Ι
1337 3248 1389 3305 Vll
1406 3256 1469 3303 sunt
1483 3252 1488 3317 Ι
1504 3254 1537 3306 15
1551 3263 1593 3305 re·

365 3333 451 3403 liquoe
469 3341 559 3388 antem
578 3335 719 3390 cborcutae
734 3337 739 3402 Ι
755 3335 844 3403 circal
862 3339 892 3391 16
910 3343 1059 3392 uersentur.

402 3467 553 3476 -...-—-——..-
560 3469 565 3474 .

431 3539 525 3595 1Lib.
544 3540 619 3595 Tert.
641 3557 691 3596 orn.
710 3541 837 3597 DGsed
861 3541 889 3596 in
907 3541 932 3596 D
950 3541 998 3598 illa
1011 3535 1109 3612 ‘Igitur
1127 3585 1133 3598 .
1153 3585 1159 3598 .
1179 3583 1185 3597 .
1204 3536 1339 3612 utraeqne'
1368 3541 1464 3598 litteris
1489 3542 1592 3612 magnis

363 3625 463 3694 scripta
480 3633 543 3680 sunt
557 3628 562 3692 Ι
578 3631 593 3680 2
606 3625 656 3681 hoc
669 3634 750 3696 capnt
764 3627 843 3694 uulgo
857 3627 1010 3683 inscribitur
1023 3627 1099 3682 Arcti
1115 3628 1119 3694 Ι
1134 3633 1151 3684 3
1164 3626 1249 3682 arctoi
1261 3627 1288 3680 H
1302 3667 1309 3680 .
1322 3625 1434 3682 sonasse
1452 3626 1592 3696 legendum

365 3717 519 3778 creatorae,
539 3719 569 3764 ut
587 3727 667 3780 supra
684 3728 709 3781 p.
730 3716 763 3766 32
781 3711 873 3766 Histoe
889 3714 893 3778 Ι
909 3717 925 3767 'l
942 3711 1024 3765 habet
1047 3717 1097 3765 etc.
1115 3710 1148 3765 cl.
1167 3710 1236 3779 Hpg.
1253 3710 1338 3779 atym.
1356 3725 1398 3779 cp.
1416 3715 1466 3767 177
1481 3713 1486 3778 Ι
1503 3715 1535 3766 10
1551 3725 1592 3779 pr.

362 3793 387 3847 D
408 3794 478 3861 uulg.
496 3793 577 3862 priori
593 3796 598 3860 Ι
614 3793 641 3847 in
658 3795 683 3848 D
702 3794 829 3849 nonnulla
846 3794 992 3863 adduntnr‚
1015 3809 1083 3862 qnae
1100 3809 1149 3864 per
1165 3809 1281 3850 errorem
1302 3793 1355 3848 hue
1372 3793 1489 3848 immissa
1504 3801 1567 3849 sunt
1585 3836 1593 3852 .

361 3894 428 3946 quac
447 3878 555 3947 quidem
573 3879 703 3948 expositio
722 3879 760 3935 sio
777 3879 884 3950 incipit:
903 3880 991 3934 Maior
1008 3886 1098 3934 numm
1114 3886 1237 3934 arcnmns
1254 3877 1289 3933 ad
1306 3878 1456 3948 aquilonem
1468 3877 1592 3934 adiacens

361 3962 388 4016 in
406 3963 571 4032 longitudine
589 3963 695 4032 quidem
714 3964 810 4034 recipit
826 3963 1032 4032 aequinoctiales
1049 3969 1139 4034 partes
1156 3962 1268 4020 circulos
1285 3963 1401 4033 partium
1419 3962 1592 4018 ducentarum

364 4047 501 4116 sexaginta
513 4048 628 4116 quinque
641 4055 691 4102 etc.
709 4047 811 4114 eadem,
829 4047 920 4118 paucis
932 4049 1048 4121 mutatis,
1065 4050 1093 4104 in
1106 4048 1197 4104 eodem
1215 4049 1284 4105 libro
1301 4049 1390 4104 inueni
1407 4048 1453 4105 fol.
1469 4053 1508 4119 13,
1522 4049 1539 4104 b
1553 4065 1591 4119 sq.

364 4133 488 4187 Ceterum
505 4133 610 4189 breuior
627 4133 712 4188 forme
729 4134 807 4188 huius
825 4133 886 4188 libri
904 4133 931 4188 in
949 4132 1005 4188 end.
1023 4133 1179 4202 Parisiensi‚
1206 4132 1239 4188 de
1265 4150 1316 4203 quo
1334 4132 1489 4202 supradixi
1506 4149 1532 4203 p.
1551 4138 1592 4203 12,

363 4217 401 4272 sic
419 4218 521 4287 incipit:
552 4217 687 4286 Siquidem
706 4219 777 4274 intra
794 4219 921 4274 circulum
938 4219 1064 4274 arcticum
1088 4218 1192 4274 clausae
1217 4226 1281 4273 sunt
1306 4216 1375 4273 duae
1401 4217 1512 4286 armori,
1539 4233 1592 4273 una
1625 4225 1629 4230 ’

361 4303 521 4371 resupinare,
540 4303 626 4357 altera
643 4309 724 4372 caput
740 4303 851 4358 alterius
869 4310 959 4372 tegere
977 4303 1096 4372 uidetur,
1114 4319 1191 4359 uerso
1209 4319 1314 4374 semper
1330 4303 1417 4373 capite
1435 4303 1541 4359 maioris
1558 4302 1593 4359 ad

361 4390 473 4441 calidam
489 4389 598 4442 minoris
616 4430 622 4442 .
640 4389 757 4456 Quarum
776 4388 860 4443 maior
877 4388 959 4443 habet
977 4389 1004 4444 in
1022 4389 1109 4458 capite
1126 4388 1217 4444 stellas
1235 4389 1283 4444 Vll
1301 4404 1392 4445 omnes
1414 4389 1546 4450 obscuras,
1564 4387 1592 4442 in

360 4474 480 4544 utrinqne
497 4475 605 4529 niuibus
623 4490 715 4542 urinam,
744 4473 770 4528 in
790 4474 900 4529 lnrmero
919 4475 1017 4529 claram
1035 4490 1130 4545 unam,
1156 4475 1183 4529 in
1210 4474 1277 4546 pede
1295 4472 1439 4530 nouissimo
1458 4474 1496 4544 11,
1523 4473 1592 4529 inter

359 4561 480 4632 sraqmlns
499 4577 589 4623 uriam,
616 4560 643 4614 in
662 4575 738 4614 ernre
757 4559 905 4630 prosteriora
923 4561 943 4630 1,
971 4560 996 4614 in
1015 4560 1083 4630 podo
1101 4560 1189 4631 priore
1205 4561 1245 4633 ΙΙ,
1263 4561 1290 4615 in
1308 4560 1394 4616 cauda
1416 4568 1482 4630 tros,
1509 4559 1592 4615 etita

356 4656 419 4701 smil
437 4647 520 4714 111111
538 4652 567 4703 11
586 4651 649 4702 stat.
666 4647 683 4700 i.
702 4661 723 4703 e.
743 4645 852 4717 pedum3
879 4645 916 4700 ld.
934 4652 1011 4716 putat
1029 4648 1163 4718 Hyginum
1188 4647 1216 4702 in
1242 4646 1374 4716 scriptore
1401 4660 1497 4715 gracco
1514 4645 1591 4700 inue-

356 4731 428 4786 nisse
454 4725 541 4800 βάσις
556 4733 561 4798 i
579 4735 609 4787 11
627 4731 675 4785 rel.
693 4737 743 4787 etc.
761 4730 786 4785 D
815 4731 886 4800 uulg.
905 4731 1024 4801 reliquae
1051 4739 1141 4787 autem
1168 4730 1236 4786 duae
1255 4733 1260 4798 Ι
1280 4731 1352 4785 ebor.
1370 4731 1395 4785 D
1410 4731 1434 4785 G
1451 4735 1523 4798 uulg.
1540 4746 1592 4798 χο-

359 4820 461 4885 paranni
479 4859 484 4870 .
504 4815 572 4870 idern
590 4815 783 4871 restituendum
802 4823 844 4870 est
861 4830 906 4885 ap.
925 4816 1012 4872 schol.
1031 4818 1120 4872 Germ.
1139 4833 1165 4886 p.
1179 4819 1231 4872 382
1248 4815 1323 4885 Eyss.
1341 4831 1390 4884 pre
1405 4803 1495 4869 ‘ebore
1512 4820 1543 4869 ut
1560 4808 1593 4870 e’.

361 4906 392 4957 18
411 4903 481 4970 uulg.
499 4917 574 4970 pene,
592 4899 663 4970 quod
679 4901 763 4955 etlam
780 4900 805 4955 D
820 4901 844 4956 G
861 4900 982 4969 habenti
999 4905 1030 4958 19
1040 4901 1139 4970 adting.
1158 4901 1183 4956 D
1201 4905 1251 4955 att.
1265 4899 1289 4954 G
1303 4899 1337 4954 cf.
1351 4897 1507 4968 Brambach,
1520 4897 1593 4953 Neu·

353 4995 420 5054 gest.
440 5004 466 5056 p.
492 4990 542 5044 296
559 5002 614 5054 sqq.

410 5081 510 5130 Brute,
525 5078 606 5134 llyginl
616 5078 772 5122 Astronomlos.
1370 5069 1387 5123 θ
