4020 5910
839 736 966 831 -'‘''4s
1010 767 1083 810 -’
1183 733 1187 756 “

331 937 364 1003 in
387 937 507 1004 olorem
530 954 704 1002 conuersus
734 938 772 1000 ut
801 934 940 1018 aquilam
962 933 1088 1017 fugiens
1118 931 1161 998 ad
1182 929 1333 1008 Nemesin
1358 929 1508 1016 :confugit
1528 935 1562 998 et

333 1037 364 1101 in
387 1037 456 1101 eius
477 1036 599 1118 gremio
622 1053 657 1100 se
679 1035 850 1100 collocauit
871 1080 879 1097 .
901 1053 997 1117 quern
1018 1032 1165 1099 Nemesis
1190 1051 1254 1098 non
1281 1038 1465 1116 aspernata,
1495 1051 1562 1098 am·

335 1137 464 1219 plexum
486 1140 599 1202 tenens
621 1153 732 1201 somno
765 1139 815 1201 est
845 1135 1024 1218 consopite3
1055 1153 1150 1215 quarn
1183 1133 1394 1199 dormientem
1415 1133 1563 1216 Iuppiter

333 1239 551 1321 compressit.
573 1238 643 1319 ipse
666 1240 774 1301 autem
796 1236 955 1318 auolauit,
986 1240 1020 1301 et
1041 1234 1127 1318 quod
1149 1234 1190 1299 ab
1211 1233 1394 1301 hominibus
1415 1234 1481 1300 alte
1502 1253 1560 1299 uo·

331 1340 401 1405 lans
420 1339 508 1404 caelo
527 1338 708 1418 uidebatur,
728 1338 813 1402 inter
835 1335 942 1402 sidera
960 1338 1064 1404 dictus
1083 1340 1220 1402 estesse
1238 1336 1431 1401 constitutus
1449 1382 1456 1399 .
1475 1333 1561 1417 quod
1579 1342 1600 1408 5

334 1460 374 1507 ne
395 1439 510 1506 falsum
543 1439 717 1521 (liceretur,
748 1437 894 1522 Iuppiter
924 1457 942 1504 e
972 1437 1056 1506 iacto
1088 1457 1160 1504 cum
1182 1437 1345 1504 uolantem
1367 1440 1401 1502 et
1422 1436 1562 1520 aquilam
1639 1425 1642 1434 '

329 1547 574 1625 consequentem
598 1542 717 1607 locauit
738 1540 769 1605 in
792 1541 921 1607 mundo.
964 1540 1255 1626 Nemesisssautem,
1285 1543 1426 1624 atquae
1452 1539 1561 1605 auium

334 1647 442 1728 generi
466 1650 552 1710 esset
573 1645 695 1724 iuncta,
716 1643 878 1708 mensibus
901 1644 994 1724 actis,
1017 1662 1113 1709 ouum
1135 1642 1348 1725 procreauit.
1370 1642 1455 1724 quod
1477 1641 1564 1707 Mer·

333 1747 439 1812 curius
462 1743 611 1810 auferens
634 1745 749 1810 detulit
766 1744 914 1826 Spartam
938 1749 971 1810 et
992 1745 1100 1810 Ledae
1118 1743 1241 1810 sedenti
1259 1745 1291 1808 iu
1310 1743 1466 1825 gremium
1488 1760 1563 1825 pro·

331 1851 418 1932 iecit3
450 1869 489 1914 ex
512 1869 574 1931 quo
597 1848 739 1914 nuscitur
760 1848 898 1929 Helena,
928 1851 1052 1913 ceteras
1084 1845 1191 1926 specie
1218 1844 1361 1925 corporis
1383 1847 1561 1926 praestans,
1580 1851 1622 1918 10

330 1971 424 2033 quam
447 1950 649 2016 Ledasuam
671 1947 769 2014 filiam
791 1950 998 2015 nominauit.
1021 1948 1075 2013 alii
1099 1951 1207 2012 eutem
1238 1965 1309 2014 cum
1332 1946 1421 2011 Leda
1450 1946 1561 2010 Iouem

329 2053 536 2119 concubuisse
566 2053 598 2117 iu
622 2052 742 2118 olorem
766 2070 957 2118 conscensum
979 2050 1140 2130 ‹lixerunt3
1171 2048 1212 2114 de
1235 2066 1298 2131 quo
1329 2046 1361 2112 in
1385 2047 1489 2114 medio
1511 2065 1562 2113 re·

334 2157 522 2239 linquemus.

412 2257 459 2322 IX
491 2255 693 2322 GEPHEUS.
736 2256 831 2320 Hune
852 2255 1024 2338 Euripides
1043 2273 1113 2318 cum
1132 2251 1248 2318 cetenis
1263 2249 1431 2316 Phoenicis
1452 2249 1562 2330 filium,

330 2359 523 2440 Aethiopum
545 2375 668 2439 regem,
690 2374 760 2421 esse
782 2356 1026 2437 demonstrauit,
1047 2353 1272 2420 Andromedae
1293 2356 1433 2435 patrem,
1464 2357 1620 2432 quam15

329 2465 399 2525 ecto
421 2457 620 2542 propositam
652 2457 835 2523 notissimae
857 2457 1012 2524 historiae
1044 2457 1200 2522 dixerunt
1244 2456 1326 2520 hene
1357 2453 1563 2520 autemPe1·-

328 2582 416 2628 seum
440 2561 624 2643 epericulo
655 2561 824 2626 liberatam
852 2579 981 2626 uxorem
1011 2560 1139 2626 duxisse
1161 2607 1169 2623 .
1191 2559 1299 2640 itaque
1326 2561 1363 2622 ut
1384 2560 1489 2622 totum
1511 2575 1564 2637 ge

328 2683 388 2729 nus
412 2682 523 2728 eorum
546 2668 703 2745 perpetuo
734 2666 889 2745 maneret,
910 2662 1015 2745 ipsum
1039 2679 1167 2744 quoque
1189 2659 1319 2742 Cephea
1349 2658 1434 2724 inter
1455 2656 1563 2723 sidera

327 2767 510 2849 superiores
533 2783 726 2831 numerasse.
776 2834 780 2841 ,

412 2869 442 2934 Χ
465 2865 705 2933 CASSIEPIA.
749 2869 798 2934 De
820 2869 880 2934 hac
898 2867 1069 2951 Euripides
1093 2872 1126 2933 et
1147 2865 1322 2949 Sophocles
1345 2865 1453 2931 etalii
1476 2858 1560 2930 coml
1578 2868 1621 2936 20

326 2973 435 3054 plures
458 2969 616 3048 dixerunt,
636 2973 674 3032 ut
695 2969 833 3050 gloriata
854 2970 897 3035 sit
918 2987 953 3036 se
975 2970 1079 3036 forma
1099 2968 1255 3035 Nereidas
1276 2973 1444 3051 praestare
1465 3015 1473 3030 .
1495 2987 1554 3051 pro

327 3092 388 3154 quo
412 3071 497 3136 lecto
519 3070 604 3134 inter
630 3069 737 3136 sidera
766 3071 881 3138 sedens
902 3072 936 3136 in
957 3071 1142 3153 siliquastro
1174 3069 1349 3137 constituta
1370 3080 1421 3134 est
1442 3115 1449 3132 .
1471 3086 1555 3150 quae

326 3178 460 3257 propter
481 3169 692 3254 impietatem,
723 3178 870 3240 uertente
901 3192 936 3239 se
962 3173 1095 3254 mundo,
1125 3171 1311 3255 resupinato
1342 3169 1448 3254 capite
1477 3168 1554 3236 ferri

325 3278 462 3343 uidetur.

411 3381 458 3445 XI
488 3379 787 3445 ANDROMEDA.
830 3381 926 3459 {Haec
957 3379 1074 3446 dicitur
1096 3381 1261 3446 Mineruae
1292 3377 1445 3448 beneficio
1476 3377 1560 3445 inter
1577 3375 1634 3448 25⁶

326 3481 434 3546 sidera
456 3480 626 3560 collocata,
657 3487 791 3562 propter
813 3480 924 3546 Persei
945 3482 1113 3563 uirtutem,
1145 3482 1231 3562 quod
1253 3499 1323 3546 eam
1347 3485 1417 3546 ceto
1439 3498 1559 3562 propo·

325 3582 419 3647 situm
442 3581 585 3662 periculo
608 3582 763 3647 liberarat
784 3630 792 3646 .
814 3601 873 3648 nec
895 3584 980 3649 enim
1002 3582 1043 3648 ab
1067 3601 1106 3647 ea
1123 3583 1279 3648 minorem
1301 3582 1398 3647 enimi
1414 3581 1560 3647 beneuo-
1640 3665 1644 3673 ¹

326 3727 531 3737 aunum—...—

394 3799 419 3853 ll
438 3805 472 3855 10
489 3799 595 3868 spetiei
611 3803 644 3856 16
661 3805 738 3854 coeto
752 3801 758 3868 Ι
773 3803 807 3856 26
824 3805 907 3857 coeto.
925 3829 959 3841 -
978 3799 1002 3855 G
1020 3805 1037 3856 4
1054 3800 1175 3856 euolauit
1196 3807 1285 3855 autem
1306 3800 1363 3870 ipse
1378 3801 1383 3866 Ι
1398 3801 1415 3855 h
1433 3798 1559 3854 constitu·

326 3892 370 3938 tus
392 3901 450 3940 esse
465 3885 470 3954 Ι
485 3890 502 3940 6
520 3884 614 3940 falsum
642 3883 703 3939 uide
717 3887 722 3953 Ι
738 3890 755 3941 ‘l
772 3892 926 3955 sequentem
940 3888 947 3955 Ι
962 3891 993 3942 11
1012 3885 1100 3942 ledam
1126 3887 1209 3942 liliam
1234 3887 1379 3954 sustollo
1396 3884 1534 3955 Oasiopeiu
1552 3885 1557 3955 Ι

325 3974 458 4026 illustra
477 4001 510 4010 -
528 3971 554 4025 N
573 3977 585 4026 1
606 3971 675 4040 fugit
689 3972 694 4039 Ι
709 3975 744 4028 26
760 3987 846 4042 perse.

397 4178 409 4229 1
429 4190 572 4230 conuersus
589 4182 620 4230 ut
636 4175 753 4244 aquilam
771 4175 876 4245 fremens
893 4176 958 4233 DN
973 4181 979 4245 Ι
994 4177 1096 4233 ANem.
1106 4175 1139 4233 el.
1149 4177 1218 4248 Hyg.
1231 4177 1316 4250 Mythr
1331 4193 1372 4248 ep.
1386 4181 1420 4233 77
1434 4176 1440 4247 Ι
1454 4164 1554 4232 4‘alte'

326 4258 351 4312 iu
372 4258 395 4313 11
415 4275 482 4315 corr.
501 4261 528 4314 iu
546 4267 609 4333 epte
624 4262 629 4330 Ι
644 4259 735 4318 eelim
751 4261 892 4332 legechatur
902 4251 1057 4320 ‘uideretur‘
1073 4262 1142 4319 idem
1155 4263 1272 4320 ruoluiese
1284 4262 1391 4320 uidetur
1405 4263 1428 4320 G
1443 4264 1448 4332 Ι
1463 4267 1479 4320 7
1495 4279 1556 4318 ron·

326 4353 482 4416 sequentem
499 4347 564 4404 DN
583 4349 655 4418 uulg.
677 4356 831 4421 sequentem
850 4351 856 4420 Ι
876 4349 1017 4406 collocauit
1035 4343 1099 4407 GN
1116 4349 1186 4421 quod
1207 4349 1234 4406 iu
1253 4351 1278 4407 D
1297 4367 1364 4409 corr.
1382 4349 1410 4406 iu
1432 4349 1531 4406 locauit
1549 4349 1554 4419 Ι

325 4437 342 4488 8
361 4449 443 4488 mens.
462 4433 528 4489 actis
547 4478 554 4490 .
572 4436 611 4489 sic
627 4436 766 4492 Phaedrus
785 4443 810 4506 1,
829 4442 860 4494 19
876 4439 882 4507 Ι
898 4443 930 4495 10
947 4437 1035 4509 specie
1053 4455 1123 4508 eorp.
1142 4438 1167 4492 D
1182 4438 1245 4494 GN
1264 4439 1336 4508 uulg.
1354 4453 1425 4508 oonp.
1443 4437 1531 4509 speeie
1550 4437 1555 4507 Ι

326 4523 359 4574 14
374 4519 519 4574 secundum
538 4521 695 4590 Euripidem
712 4537 754 4592 ap.
768 4522 875 4593 Apolld.
893 4529 918 4594 2,
938 4529 961 4593 l,
979 4528 997 4580 4
1015 4525 1144 4596 Cepheus,
1161 4530 1240 4595 pater
1257 4523 1443 4579 Andromedae
1464 4528 1492 4578 et
1508 4538 1558 4577 rex

325 4605 495 4675 Aethiopum,
514 4605 574 4660 Beli
591 4605 663 4662 filins
679 4607 733 4662 fuit
750 4648 757 4662 .
775 4607 845 4663 idem
863 4608 1014 4665 Herodotus
1030 4610 1128 4679 aliique
1146 4609 1255 4664 uadunt
1270 4611 1275 4678 Ι
1291 4613 1323 4665 16
1341 4609 1369 4664 in
1381 4610 1556 4682 D-supraser.

323 4689 554 4757 nouissimae120
571 4691 708 4760 Cassiopia
731 4693 824 4762 scripsi
843 4709 876 4746 ex
893 4691 959 4747 DN
976 4693 1002 4748 h.
1020 4693 1038 4746 l.
1057 4700 1085 4747 et
1101 4693 1178 4761 alihi;
1199 4692 1271 4760 uulg.
1290 4693 1460 4762 Cassiopeial
1476 4692 1556 4760 Soph.

324 4772 354 4827 in
372 4773 554 4842 Andromeda,
573 4775 604 4830 cs.
621 4775 720 4832 Catast.
740 4781 772 4832 16
790 4783 819 4831 et
836 4782 870 4832 36
884 4778 890 4844 Ι
904 4782 936 4832 21
951 4775 1004 4833 dix.
1023 4785 1061 4846 ut,
1078 4777 1112 4832 es.
1131 4792 1213 4845 supra
1229 4794 1270 4846 cp.
1287 4779 1374 4846 4122
1386 4778 1454 4846 siliq.
1468 4777 1556 4831 Uarro

318 4856 355 4910 11·
372 4857 404 4915 L.
422 4861 448 4928 4,
466 4863 494 4928 63
522 4859 618 4913 Festus
639 4875 659 4914 s.
678 4876 714 4929 n,
742 4859 851 4931 δίφρον
872 4860 993 4931 appellet
1016 4867 1109 4916 auctor
1131 4861 1231 4918 (latest.
1249 4858 1402 4931 κάθεδραν
1417 4861 1498 4916 Theo
1519 4858 1554 4914 ad

323 4943 437 4997 Aratum
452 4945 457 5011 Ι
472 4948 506 4998 22
523 4941 613 4998 sidera
629 4943 654 4996 D
667 4943 693 4999 N
711 4945 785 5016 uulg.
802 4951 876 5001 astra
889 4947 895 5014 1
910 4949 944 5002 27
961 4961 1017 5015 per.
1035 4946 1061 5000 D
1075 4946 1099 4999 G
1112 4945 1138 5001 A
1155 4947 1227 5016 uulg.
1245 4962 1263 5001 a
1279 4946 1406 5016 periculo,
1424 4945 1457 5002 ci.
1471 4960 1554 5016 supra

322 5044 362 5098 cp.
380 5017 517 5098 Bl‘enim'
538 5027 597 5086 Sch.
616 5027 757 5085 delendum
775 5036 865 5100 putet3
884 5030 922 5087 M.
941 5031 1009 5086 coni.
1027 5031 1109 5086 etiem
1124 5033 1129 5100 Ι
1144 5030 1352 5088 beniuolentiam
1369 5030 1443 5088 DN.
