4020 5910
848 747 1140 830 -or-'

337 936 468 999 aeterna
504 935 677 998 merentem
718 930 855 998 adficere
894 950 1008 1014 poena.
1076 932 1245 1016 Polyzolus
1280 937 1388 998 autom
1418 929 1564 998 Rhodius

336 1034 420 1099 huuc
441 1034 626 1099 Phorbanta
656 1033 784 1099 nomine
807 1033 1018 1112 demonstrat,
1049 1033 1103 1115 qui
1126 1032 1258 1099 Rhodiis
1281 1032 1399 1099 auxilio
1426 1031 1563 1098 marimo

337 1135 438 1201 fuisse
479 1135 718 1200 demonstratur
753 1182 761 1198 .
797 1153 869 1200 narn
912 1153 984 1201 cum
1025 1153 1134 1200 eorum
1168 1133 1324 1215 insulam,
1366 1132 1564 1216 serpentium

336 1236 541 1302 multitudine
581 1238 788 1317 occupatam,
828 1236 914 1301 ciues
955 1235 1147 1318 Ophiussam
1187 1235 1420 1318 appellassent,
1460 1239 1494 1300 et
1532 1233 1564 1297 in

338 1355 376 1401 ea
407 1334 611 1401 multitudine
641 1333 781 1400 ferarum
813 1335 909 1400 draco
945 1335 1060 1402 suisset
1089 1336 1210 1418 ingenti
1245 1335 1478 1417 magnitudine,
1510 1334 1565 1415 qui
1604 1340 1625 1406 5

335 1436 493 1518 plurimos
525 1453 635 1500 coriam
667 1435 890 1517 interfecisset,
925 1441 958 1502 et
991 1436 1098 1519 patria
1130 1436 1266 1518 denique
1297 1434 1425 1499 deserta
1455 1451 1564 1499 carere

337 1537 506 1621 coepisset,
536 1537 654 1602 (licitur
686 1535 829 1602 Phorbas
852 1537 990 1621 Triopan
1022 1536 1106 1603 lilius
1134 1557 1173 1603 or
1195 1535 1328 1602 Hiscilla
1354 1533 1564 1619 Myrmidonis

336 1639 402 1705 iilia
424 1645 528 1721 iratus,
550 1657 588 1705 oo
611 1643 802 1722 ternpostate
825 1639 963 1723 delatus,
994 1659 1103 1706 oannes
1126 1638 1212 1707 feras
1243 1643 1370 1708 etcum
1394 1639 1564 1705 draconem

336 1741 533 1808 interfecisse
560 1789 567 1804 .
594 1742 647 1824 qui
684 1759 755 1807 cum
791 1743 928 1810 maxime
959 1743 1100 1827 Apollini
1136 1743 1272 1810 dilectus
1303 1747 1401 1826 asset,
1440 1741 1565 1808 locatus

335 1847 421 1911 iuter
443 1845 551 1910 sidera
574 1843 700 1924 dicitur,
733 1850 770 1910 ut
790 1844 983 1912 interficiens
1006 1847 1177 1912 draconem
1199 1845 1304 1912 laudis
1334 1849 1367 1912 et
1392 1844 1566 1913 memoriae
1585 1852 1626 1916 10

337 1965 433 2014 carisa
466 1947 929 2030 ιιίι(οι·οιιιι·.1ιιιι]ιιο11110111
962 1949 1245 2033 quotienscumque
1270 1947 1398 2033 lonssius
1424 1967 1445 2015 a
1470 1947 1566 2014 litore

336 2051 497 2136 prodeunt
514 2050 625 2131 classe,
646 2050 735 2134 prius
753 2049 935 2118 sacrificant
948 2052 1139 2119 Phorbantis
1157 2054 1308 2134 aduentu,
1324 2057 1362 2119 ut
1378 2048 1452 2119 t'alis
1470 2069 1565 2118 auen-

336 2161 388 2220 tas
411 2155 594 2238 inopinatae
617 2155 747 2221 uirtutis
770 2155 894 2221 accidat
926 2156 1059 2239 ciuibus,
1089 2157 1194 2240 qualis
1224 2154 1357 2222 inscium
1380 2155 1566 2221 Phorbanta

338 2258 466 2326 fratruae
489 2258 594 2325 laudis
613 2259 653 2325 ad
678 2259 784 2326 sidera
806 2260 928 2344 gloriae
950 2261 1084 2344 pertulit
1105 2279 1206 2328 casus.
1250 2259 1437 2343 Complures
1469 2258 1566 2325 otiam

335 2362 490 2445 astrologi
525 2364 609 2429 hunc
639 2364 865 2447 Aesculapium
896 2363 1069 2448 finxerunt,
1104 2383 1199 2448 quem
1234 2363 1380 2447 Iuppiter
1406 2361 1565 2445 Apollinis
1585 2367 1625 2433 15

327 2484 432 2530 vcarisa
454 2466 539 2530 inter
561 2472 649 2530 astra
672 2466 850 2531 collocauit
881 2467 1090 2549 Aesculapius
1109 2467 1193 2532 enirn
1212 2484 1284 2531 curu
1302 2469 1387 2530 esset
1404 2464 1488 2530 inter
1510 2463 1567 2529 ho·

335 2565 445 2642 mines,
468 2569 500 2627 et
522 2568 646 2628 tantum
671 2565 829 2629 medicina
852 2569 966 2631 ceteris
985 2571 1174 2648 praestaret,
1195 2570 1233 2629 ut
1249 2584 1313 2629 non
1332 2563 1411 2628 satis
1430 2563 1458 2628 ei
1477 2563 1566 2628 uide·

334 2668 424 2728 retur
446 2662 609 2728 hominum
632 2665 760 2729 dolores
782 2664 905 2747 leuare,
935 2665 997 2730 nisi
1028 2666 1124 2731 etiam
1156 2671 1299 2731 mortuos
1330 2668 1500 2730 reuocaret
1524 2664 1566 2730 ad

333 2765 449 2843 uitam,
478 2765 652 2831 nouissime
679 2762 782 2830 fertur
804 2765 1030 2849 Hippolytum,
1061 2767 1147 2849 quod
1169 2766 1327 2848 inquitate
1347 2783 1506 2832 nouercae
1533 2768 1568 2830 et

332 2865 500 2932 inscientia
528 2867 671 2948 parentis
703 2871 774 2932 crat
796 2867 991 2949 interiectus,
1014 2885 1157 2950 sanasse,
1187 2869 1234 2934 ita
1264 2869 1312 2933 uti
1334 2867 1565 2934 Eratosthenes
1584 2873 1627 2939 20

335 2968 421 3033 dicit.
462 2967 615 3033 Nonnulli
638 2967 795 3034 Glaucum
817 2968 942 3035 Minoas
965 2969 1064 3035 filium
1088 2971 1155 3035 eius
1179 2988 1277 3052 opera
1299 2969 1454 3035 reuixisse
1477 2969 1567 3034 dixe-

239 3103 241 3107 *
333 3072 423 3150 runt3
445 3086 504 3150 pro
527 3086 600 3150 quo,
621 3073 659 3133 ut
681 3075 824 3151 peccato,
845 3070 957 3135 Iouem
981 3071 1111 3136 domum
1134 3071 1203 3136 eius
1225 3070 1358 3137 fulmine
1379 3069 1568 3150 incendisse,

333 3170 438 3251 ipsum
466 3175 573 3234 autom
596 3176 731 3253 propter
758 3170 927 3242 artificium
960 3176 993 3238 et
1014 3172 1196 3256 Apollinem
1228 3174 1296 3239 eius
1326 3178 1452 3256 patrem
1482 3172 1568 3238 inter

334 3271 444 3338 siclara
466 3291 602 3354 anguem
626 3277 786 3339 lenorrtem
811 3274 1095 3342 constituissent
1117 3275 1246 3359 quidam
1265 3275 1422 3357 tinemut,
1444 3273 1505 3340 hae
1527 3275 1567 3340 rle

334 3393 430 3441 causa
446 3394 583 3459 anguem
602 3376 719 3443 elicitur
737 3383 846 3445 tenore
864 3427 871 3442 .
890 3380 977 3462 quod
995 3398 1067 3445 cum
1082 3377 1237 3445 Glaucum
1257 3382 1426 3462 cogeretur
1444 3396 1567 3459 sanare,
1584 3381 1626 3449 25

335 3480 504 3546 conclusus
527 3482 665 3563 quodam
688 3483 759 3550 loco
782 3488 917 3566 secroto,
946 3483 1096 3551 bacillum
1118 3488 1231 3550 tenens
1252 3501 1363 3564 manu,
1394 3500 1466 3548 cum
1489 3481 1565 3564 quid

333 3589 445 3666 ageret
462 3584 630 3668 cogitaret,
652 3587 768 3654 dicitur
790 3588 904 3672 anguis
926 3588 968 3654 ad
990 3587 1140 3654 bacillum
1164 3586 1232 3652 cius
1253 3571 1447 3669 arlrcpsissa:
1471 3603 1566 3669 quem

403 3771 427 3823 D
454 3774 471 3826 4
494 3771 666 3840 apphiussam
685 3773 690 3838 1
710 3777 726 3826 7
744 3771 860 3828 hiecaela
879 3775 885 3841 Ι
907 3779 936 3828 11
955 3772 1193 3842 quocienscumque
1208 3773 1261 3839 123
1278 3776 1307 3826 et
1331 3786 1383 3828 om.
1398 3772 1403 3837 1
1418 3772 1453 3825 at
1470 3770 1567 3826 causti·

334 3855 422 3910 tuisae.
450 3855 580 3911 Nonnulli
598 3855 731 3911 dixerunt.
751 3888 784 3897 -
802 3857 826 3912 G
845 3861 860 3914 7
879 3856 963 3912 hisela
977 3859 983 3924 Ι
997 3860 1014 3912 9
1027 3862 1097 3911 esset
1114 3855 1356 3926 apollinissclilectus
1371 3858 1376 3923 Ι
1394 3860 1424 3912 11
1438 3854 1566 3925 uidetur!

335 3941 369 3994 14
387 3939 533 4009 Couphues
554 3942 559 4008 Ι
580 3944 613 3997 18
630 3939 753 3996 releuara
769 3944 774 4010 Ι
789 3941 823 3996 ad
845 3937 928 3997 uitam
950 3944 1108 4009 reuocaret}
1123 3946 1156 3997 21
1175 3940 1237 3997 Non
1259 3941 1394 4009 ιιι1111Ι22
1412 3940 1469 3996 eiras
1486 3957 1542 4008 om.
1562 3943 1568 4012 Ι

333 4027 369 4079 23
387 4024 549 4094 appollinem
567 4029 671 4095 patrem
690 4025 755 4080 eius.
773 4026 849 4081 -N
871 4029 903 4084 15
920 4025 1018 4097 iupiter
1033 4027 1038 4094 Ι
1053 4030 1087 4082 20
1105 4031 1136 4081 ut
1149 4027 1154 4096 1
1169 4030 1203 4084 23
1221 4041 1293 4081 uero.

406 4183 418 4233 l
438 4186 547 4233 aeterna
570 4179 586 4234 i.
610 4195 633 4234 e.
651 4179 880 4236 immortalitatem
900 4185 905 4250 ῑ
924 4187 1069 4236 merentem
1092 4180 1117 4234 D
1132 4181 1155 4233 G
1170 4179 1195 4234 N
1213 4179 1286 4249 uulg.
1305 4186 1467 4236 moerentem
1488 4183 1494 4249 Ι
1512 4182 1567 4238 adl.

336 4261 361 4314 D
381 4261 425 4317 all.
445 4263 468 4316 G
481 4262 507 4317 N
523 4265 560 4330 14
578 4263 737 4333 Ophiussam
755 4264 781 4321 U
798 4265 932 4321 offinssam
950 4266 974 4320 G
988 4266 1013 4321 N
1032 4265 1103 4334 uulg.
1123 4264 1268 4334 ophiusam
1285 4303 1293 4318 .
1312 4279 1408 4334 graece
1427 4259 1567 4334 Ὀφιιιῦιια

335 4352 364 4399 et
377 4343 539 4413 Ὀφιοῦσσα
557 4347 682 4403 scribitur
697 4350 702 4416 Ι
717 4354 733 4404 7
747 4348 860 4403 Hiscilla
877 4357 918 4404 est
934 4349 1015 4405 lectio
1032 4356 1159 4417 corrupta
1171 4389 1178 4402 ‚
1192 4347 1220 4403 in
1237 4348 1297 4403 aliis
1315 4348 1390 4404 libris
1408 4357 1449 4405 est
1466 4351 1568 4421 hpocla,

333 4427 450 4499 Arsacia,
469 4428 587 4483 hisohela
602 4431 639 4498 19
656 4445 688 4485 ea
706 4431 731 4485 D
746 4431 771 4487 N
787 4433 792 4500 Ι
807 4436 824 4488 9
837 4431 939 4487 locatus
957 4433 984 4486 in
1002 4433 1076 4488 caelo
1093 4431 1262 4503 interficiens,
1280 4433 1305 4489 U
1320 4434 1325 4500 Ι
1343 4439 1375 4490 10
1385 4423 1465 4490 ‘inter
1482 4434 1570 4490 nidera

337 4511 433 4568 dicitur
451 4508 488 4568 ut'
509 4528 560 4568 om.
580 4513 604 4567 D
619 4513 643 4568 G
657 4514 683 4569 N
699 4517 704 4583 Ι
721 4520 750 4572 11
771 4524 842 4586 quot.
862 4519 885 4571 G
899 4517 925 4571 N
943 4516 1016 4585 uulg.
1035 4517 1254 4587 qrrotiescumqua
1268 4518 1273 4586 Ι
1289 4518 1393 4588 longius
1411 4535 1429 4574 a
1449 4518 1529 4575 litore
1541 4520 1567 4574 D

335 4597 399 4654 GN
416 4598 490 4667 ualg.
504 4614 520 4653 a
534 4599 574 4656 lit.
589 4598 695 4668 longius
710 4603 715 4668 Ι
732 4607 764 4657 12
778 4617 917 4673 perperam
932 4617 1023 4657 ornnes
1036 4601 1165 4657 scribunt:
1184 4601 1325 4674 prodeunt,
1343 4603 1442 4660 classes
1457 4604 1568 4674 iscripsi

332 4700 367 4739 ex
384 4683 409 4737 D
425 4683 518 4752 classe,
536 4684 554 4738 i.
572 4697 596 4738 c.
614 4685 727 4740 nauibus
741 4686 746 4755 Ι
761 4687 880 4741 aduentu
897 4688 922 4740 D
937 4687 999 4742 GN
1018 4686 1088 4755 quod
1104 4687 1287 4756 accipiendum
1304 4693 1346 4743 erl
1362 4705 1411 4759 pro
1428 4689 1568 4758 aduentui3

329 4769 404 4838 arralg.
422 4767 549 4823 aduentui
569 4771 574 4837 Ι
593 4775 623 4824 ut
646 4775 695 4827 etc.
714 4770 778 4825 GN
795 4773 867 4841 uulg.
885 4767 958 4827 ‘talis
984 4778 1015 4826 ut
1040 4769 1101 4827 illis'
1122 4816 1129 4829 .
1146 4771 1171 4826 D
1193 4772 1265 4828 uelle
1290 4772 1398 4829 uidetur
1417 4765 1458 4830 ‘ut
1479 4771 1540 4830 illir‘
1563 4785 1586 4848 Ι·

334 4858 367 4909 li»
385 4855 413 4908 in
430 4855 454 4908 D
474 4853 631 4924 plerumque
649 4856 776 4912 scribitur
794 4858 968 4929 aesculapius,
987 4857 1014 4912 in
1029 4858 1053 4912 (1
1066 4857 1216 4927 esculapius
1231 4860 1236 4926 Ι
1253 4863 1285 4916 19
1299 4858 1369 4928 quod
1382 4860 1407 4913 D
1418 4859 1476 4915 GN
1494 4859 1568 4932 uulg.

329 4941 378 5010 qui
399 4944 404 5009 Ι
424 4956 553 4997 nouercae
580 4957 631 4998 our.
649 4943 674 4996 D
688 4945 712 4997 G
725 4943 751 4998 N
776 4947 781 5012 1
805 4951 836 5002 21
857 4945 958 5001 minoas
976 4946 1000 4998 D
1015 4945 1039 5000 G
1053 4945 1077 5000 N
1096 4945 1169 5015 aulg.
1188 4944 1285 4999 Minoia
1308 4947 1313 5013 Ι
1337 4949 1370 5002 21
1387 4944 1507 5015 quidam,
1534 4946 1568 5002 ci.

332 5025 439 5094 Apolld.
455 5031 524 5099 3‚e;
542 5027 610 5098 Ilyg.
630 5028 715 5100 Myro.
735 5046 775 5100 cp.
794 5033 913 5099 137127
930 5029 987 5086 adr.
1005 5031 1038 5088 D.
1057 5047 1109 5086 arr.
1129 5030 1198 5087 GN.

1309 5118 1340 5173 4*
