4016 5914
924 709 1159 774 ...108-

430 876 536 943 nideri
557 874 711 958 possint.
732 873 790 940 sed
811 893 854 940 ne
879 874 958 940 solis
984 892 1111 956 comus,
1136 874 1178 941 de
1203 876 1318 958 quibus
1339 881 1453 960 postca
1473 893 1583 942 sumus
1605 876 1654 942 di·

432 978 525 1061 cturi
545 978 655 1060 potius
673 995 767 1060 quom
785 977 871 1059 quod
893 982 968 1042 anto
990 977 1161 1059 coepimus,
1181 997 1410 1061 enumeremus,
1430 981 1473 1044 ad
1494 979 1656 1061 inceptum

430 1084 632 1147 rmerumur
652 1125 661 1140 .
683 1077 820 1142 diximus
842 1077 927 1142 enim
947 1076 1139 1159 principium
1160 1079 1271 1144 mnndi
1292 1097 1363 1145 esse
1383 1085 1518 1161 noctem,
1539 1080 1655 1145 deiude
1776 1101 1781 1108 ·

431 1181 516 1246 diem
538 1226 547 1243 .
568 1180 653 1244 inter
673 1182 800 1244 noctem
822 1182 857 1243 et
885 1177 969 1242 diem
999 1181 1129 1258 praeter
1149 1180 1296 1245 umbram
1321 1184 1428 1246 terrae
1452 1180 1532 1246 nihil
1557 1182 1656 1246 iuter·

390 1285 502 1350 besse
522 1281 718 1348 arbitramur
738 1327 746 1343 .
767 1279 825 1344 sed
847 1278 998 1361 quoniam
1018 1279 1183 1361 signorum
1212 1299 1311 1363 supra
1340 1287 1374 1347 et
1403 1300 1573 1366 corporum
1602 1300 1656 1348 cn·

430 1391 523 1453 ortus
544 1383 751 1464 instituimus,
772 1383 815 1448 ad
836 1382 897 1448 hoe
917 1383 1152 1464 perueniemus

514 1487 562 1553 XI
591 1485 695 1568 Igitur
716 1489 863 1552 uertente
893 1502 928 1550 se
957 1485 1077 1550 mundo
1107 1502 1167 1569 per
1196 1491 1350 1570 utrosque
1379 1488 1472 1571 polos
1492 1487 1532 1570 {ot
1552 1506 1656 1571 axem,

431 1609 525 1674 quem
547 1608 648 1672 supra
669 1587 898 1654 dimensionem
929 1587 1086 1669 sphaerae
1107 1587 1244 1656 diximus
1266 1608 1349 1673 esse,
1379 1595 1414 1657 et
1443 1592 1489 1657 its
1517 1591 1656 1674 sphoera

431 1693 596 1773 collocata,
615 1695 654 1757 ιιι
674 1707 757 1756 unns
778 1690 872 1772 polus
893 1709 1021 1773 semper
1041 1690 1085 1757 sit
1105 1697 1358 1776 superterram,
1378 1694 1462 1759 alter
1482 1712 1656 1776 numquam

371 1795 604 1874 admonetur,
632 1809 762 1857 neccsse
793 1796 843 1857 est
872 1792 989 1858 Arctos
1019 1811 1146 1875 quoquc
1176 1793 1364 1876 etreliqua
1394 1813 1543 1877 corporo,
1572 1814 1656 1878 queo

430 1900 507 1962 snut
526 1896 561 1960 in
578 1895 698 1960 cretico
721 1893 854 1976 circulo,
883 1911 1058 1976 numquam
1079 1893 1238 1978 occidere;
1266 1895 1391 1976 reliqna
1415 1901 1523 1962 autem
1549 1896 1658 1962 omnia

430 1999 549 2066 exoriri
578 2003 612 2065 et
642 1997 801 2078 occidere,
830 1997 917 2079 qnod
948 1995 1101 2064 interiora
1135 2003 1212 2064 ιιιιιι
1245 1996 1287 2062 ab
1322 2015 1362 2063 eo
1393 1997 1523 2083 circulo,
1560 2016 1656 2081 quem

429 2119 604 2184 numquam
634 2099 780 2165 occidere
810 2098 947 2165 diximus
977 2147 986 2163 .
1015 2099 1050 2164 id
1081 2101 1165 2165 enim
1195 2117 1290 2182 posse
1324 2099 1394 2165 fieri
1428 2099 1508 2165 haee
1542 2101 1658 2166 edocet

431 2219 529 2267 censa
549 2249 558 2264 .
578 2201 725 2266 uidemus
747 2205 846 2281 ceput
866 2205 1044 2266 extremum
1060 2201 1226 2282 Draconis,
1248 2201 1334 2282 quod
1350 2202 1487 2266 maxime
1503 2201 1656 2266 Arcticrm

371 2304 413 2371 15
431 2306 523 2367 cutm
544 2300 697 2366 cuculum
717 2300 887 2383 prominet,
908 2301 1048 2382 quodem
1065 2305 1210 2382 tempore
1226 2302 1274 2366 ita
1291 2300 1445 2382 occidere,
1465 2306 1503 2366 nt
1523 2306 1655 2367 exortus

429 2421 502 2468 cnm
532 2419 648 2467 occasu
676 2401 944 2483 permisceantur,
972 2406 1010 2465 ιιι
1040 2405 1074 2466 et
1103 2407 1179 2466 ente
1209 2401 1346 2466 diximus
1367 2449 1376 2465 .
1397 2404 1425 2466 si
1450 2408 1558 2467 antem
1579 2419 1657 2484 pars

429 2502 540 2586 aliqua
561 2503 707 2568 occidere
724 2503 765 2568 de
782 2519 906 2568 summo
925 2501 1044 2566 circulo
1062 2501 1200 2585 uidetur,
1220 2519 1351 2568 necesse
1368 2507 1417 2568 est
1435 2504 1552 2584 omnin,
1572 2520 1657 2584 quae

430 2610 507 2672 sunt
527 2602 694 2688 inferiora,
724 2603 842 2672 exoriri
865 2609 899 2671 et
920 2604 1066 2671 occidere
1087 2653 1095 2669 .
1117 2603 1216 2687 igitur
1246 2602 1396 2670 conuenit
1424 2604 1517 2670 nobis
1547 2604 1656 2672 sidera

430 2713 578 2776 uertente
599 2708 719 2776 mundo
741 2707 886 2775 occidere
908 2713 941 2775 ot
963 2708 1089 2774 exoriri.

367 2819 412 2886 20
512 2813 687 2879 Praeterea
707 2813 768 2878 hac
794 2810 1000 2878 inclinatione
1027 2813 1122 2894 caeli,
1153 2830 1225 2877 cum
1255 2831 1337 2878 unus
1367 2814 1505 2879 circulus
1535 2813 1582 2879 ita
1612 2813 1655 2880 sit

429 2920 570 2998 erectus,
599 2920 637 2980 ut
661 2934 836 2998 numquam
863 2915 1001 2998 occidat,
1031 2914 1114 2981 alter
1139 2915 1187 2981 ita
1211 2914 1254 2981 sit
1284 2921 1390 2982 terroe
1411 2917 1587 3000 subiectus,
1617 2922 1655 2984 ιιι

387 3026 393 3034 ’
429 3037 603 3102 numquam
633 3017 809 3084 exoriatur:
841 3018 1032 3101 quicumque
1062 3017 1172 3083 circuli
1202 3017 1321 3084 luerint
1350 3019 1382 3083 in
1412 3020 1562 3102 sphaera,
1593 3019 1655 3085 lnce

429 3122 541 3188 estol)
563 3121 789 3204 aequinoctiali
811 3122 853 3187 ad
875 3121 999 3203 polum,
1029 3121 1085 3203 qui
1106 3121 1223 3187 boreus
1244 3122 1440 3204 appellatur,
1464 3123 1572 3187 nullus
1594 3122 1656 3189 crit

428 3241 554 3305 eorum,
584 3224 639 3305 qui
670 3241 734 3288 non
764 3225 918 3290 maiorem
945 3228 1071 3305 partem
1101 3224 1379 3294 circumductionis
1408 3225 1527 3290 Ιιιιιιιι
1556 3243 1656 3307 supra

368 3311 410 3378 25
429 3330 550 3392 ternsm
568 3372 575 3388 .
593 3324 649 3406 qui
665 3330 773 3390 autem
794 3324 835 3390 sb
857 3324 1081 3407 aequinoctiali
1099 3321 1218 3390 fuerint
1234 3325 1354 3392 circulo
1376 3327 1418 3390 ad
1440 3345 1513 3391 eurn
1535 3327 1654 3408 polum,

428 3425 612 3507 quinctius
635 3426 837 3508 appelletur,
867 3444 977 3491 omnes
1006 3424 1188 3490 inferiorem
1218 3432 1342 3509 partem
1373 3427 1527 3491 maiorem
1556 3427 1654 3492 habe-

427 3525 507 3589 bunt
528 3537 624 3607 qusm
645 3525 845 3606 superiorem
862 3573 871 3587 .
888 3530 922 3590 et
943 3530 1062 3606 quanto
1084 3526 1186 3606 magis
1208 3525 1251 3589 ad
1272 3527 1381 3606 polum
1402 3527 1526 3590 notium
1549 3543 1653 3590 acces-

428 3624 542 3705 serint,
571 3625 634 3689 hoc
665 3625 819 3690 maiorem
840 3629 965 3707 partem
996 3624 1055 3686 snb
1086 3629 1174 3688 terra
1204 3623 1322 3688 habere
1344 3625 1590 3706 perspicientur,
1620 3629 1654 3690 et

428 3730 548 3806 quanto
579 3725 681 3808 magis
712 3726 753 3790 ad
775 3726 909 3791 boreum
940 3722 1035 3788 finem
1054 3703 1226 3805 uenerint,
1256 3724 1318 3789 hoc
1347 3725 1500 3790 maiorem
1526 3732 1653 3807 partem

368 3815 413 3878 30
430 3827 539 3892 oiran
561 3845 661 3909 supra
682 3832 802 3894 terram
824 3834 935 3893 tenere
965 3825 1188 3894 uidebuntur.
1210 3845 1273 3908 quo
1301 3827 1384 3891 enim
1415 3828 1552 3892 erectior
1583 3827 1654 3909 ipse

429 3928 523 4010 polus
543 3927 651 4008 fuerit,
671 3928 732 3993 hoc
753 3929 855 4010 magis
877 3934 911 3993 et
927 3928 1036 3992 circuli
1055 3927 1123 3990 eius
1141 3928 1312 3991 erectiores
1329 3926 1549 3991 uidebuntur.
1567 3928 1654 4009 quod

497 4161 864 4232 Deincoeptnmltcsse
889 4159 1337 4231 mnndiln'lnotumlusmngis
1362 4159 1656 4217 om-(lldictnri

429 4244 1652 4328 sumuslsspom'uslletperlluetoririlllsrcticnmlloetomlliuidcsturl

431 4335 464 4387 18
484 4331 618 4402 orirills
639 4332 770 4403 oririlel
792 4333 833 4388 its
858 4333 977 4402 omltl
1000 4333 1151 4400 superll'l
1168 4326 1209 4386 ‘et
1239 4336 1338 4401 quanto
1449 4323 1651 4399 perspicientnr‘

429 4431 481 4474 om
496 4419 502 4488 Ι
517 4422 549 4474 31
569 4431 602 4472 eo
618 4418 703 4488 magis
719 4417 820 4485 circuli.

496 4605 855 4676 aoepmmouqsrea
873 4606 898 4659 ll
916 4607 988 4674 unlq,
1006 4611 1172 4660 reuertemur
1193 4603 1529 4674 lluemlluulq‚per
1550 4607 1652 4670 crem!

428 4691 556 4758 snpra,
583 4704 609 4758 p.
627 4687 1491 4759 ²319snperDGnulq.suprslloarctns·DGllssint,
1517 4687 1591 4744 codd
1609 4687 1654 4742 Ul.

429 4771 500 4842 qood
524 4772 645 4842 prsosmt
661 4773 698 4828 nl.
714 4776 720 4844 Ι
736 4777 769 4830 ld
786 4773 908 4830 occidere
932 4773 1099 4830 existimatur
1120 4771 1146 4826 D
1161 4770 1185 4825 G
1202 4778 1231 4826 et
1251 4771 1291 4826 sic
1316 4770 1396 4840 uulgo
1421 4772 1542 4827 scribunt
1559 4813 1566 4826 .
1584 4770 1655 4840 quod

430 4855 499 4929 dodi,
516 4856 571 4912 ism
588 4857 694 4914 Modius
710 4857 817 4928 noluit!
833 4862 867 4915 lo
883 4866 954 4930 ante,
971 4857 1005 4913 cl.
1023 4873 1064 4928 cp.
1077 4863 1095 4916 Β
1109 4857 1115 4926 Ι
1129 4862 1164 4928 20
1179 4857 1242 4912 incl.
1255 4856 1330 4912 coeli
1348 4858 1377 4912 in
1392 4856 1447 4913 fine
1463 4858 1542 4914 huius
1558 4857 1655 4928 cepitis

430 4947 459 4998 et
475 4941 545 5000 mn·
561 4958 602 5013 cp.
622 4946 655 5000 lt
672 4943 784 5014 legimns
798 4930 871 5000 ‘mel
888 4939 987 5000 mundi’
1006 4942 1077 5014 qnod
1093 4941 1163 5000 idem
1180 4950 1222 4999 cat
1235 4946 1241 5012 Ι
1255 4942 1323 4998 caeli
1338 4942 1402 5005 ΒΩ
1419 4942 1490 5012 unlg.
1508 4943 1584 4999 coeli
