4016 5914
958 697 1167 763 ..38-

449 865 545 932 huius
567 883 699 932 acumen
721 863 762 930 ad
784 863 869 948 Equi
891 863 1010 948 pedum
1041 863 1203 946 regionem
1226 869 1362 949 spectum
1393 865 1494 932 altera
1524 885 1601 950 pars
1633 867 1677 931 ad

449 968 601 1034 humeros
619 966 777 1051 Ophiuchi
799 966 903 1033 tendit
921 1016 928 1029 .
946 966 1025 1032 haee
1047 966 1164 1033 occidit
1180 967 1321 1050 Uirginis
1340 974 1422 1049 ortu,
1444 970 1547 1036 oritur
1568 977 1676 1036 autem

452 1088 524 1136 cum
545 1068 719 1152 Scorpione
741 1117 747 1132 .
769 1068 868 1135 babel
889 1069 1016 1133 omnino
1045 1069 1154 1134 stellas
1175 1069 1254 1148 1111,
1279 1089 1413 1151 qnorum
1444 1090 1509 1136 una
1533 1073 1566 1136 in
1588 1073 1677 1154 prin·

452 1170 536 1255 cipio
558 1172 722 1250 materiae,
742 1170 846 1238 altera
867 1172 898 1236 iu
921 1170 1035 1250 medio,
1057 1173 1140 1236 duae
1162 1171 1305 1254 reliquae
1327 1171 1359 1258 iu
1382 1191 1419 1238 eo
1438 1173 1508 1239 loco
1532 1193 1595 1257 quo
1613 1173 1675 1240 ler-

413 1280 523 1345 brum
544 1274 628 1340 solet
648 1273 746 1356 affigi,
769 1273 915 1340 diuersae
937 1273 1095 1339 uidentur.
1178 1293 1185 1306 ·

536 1377 595 1443 XV
625 1377 801 1457 AQUILA
822 1377 875 1442 ala
915 1378 1028 1442 dextra
1049 1395 1112 1443 non
1134 1377 1268 1443 mullum
1291 1384 1382 1444 extra
1400 1379 1549 1444 circulum
1572 1381 1681 1463 aequi·

453 1478 623 1545 noctialem
654 1478 794 1561 prodire,
825 1478 955 1544 sinislra
985 1483 1091 1544 autem
1122 1499 1185 1545 non
1216 1480 1311 1564 longe
1341 1499 1361 1545 a
1392 1482 1496 1564 capito
1519 1481 1677 1565 Ophiuchi

451 1578 589 1664 figurata
610 1581 739 1647 uidetur
757 1627 764 1643 .
781 1586 949 1663 praeterea
971 1586 1110 1646 rostrum
1133 1583 1201 1647 eius
1223 1601 1243 1646 a
1266 1583 1389 1666 reliquo
1408 1602 1542 1666 conpore
1560 1585 1676 1652 diuidit

452 1682 602 1762 circulus,
633 1700 727 1763 quem
757 1699 857 1762 supra
888 1681 1023 1746 diximus
1054 1667 1218 1748 acancro
1249 1683 1290 1747 ad
1313 1683 1541 1766 Capricornum
1563 1705 1677 1767 perue-

394 1787 436 1850 10
452 1783 522 1848 nire
544 1782 810 1847 medicantem
832 1779 941 1846 finitur
962 1781 1003 1846 ab
1027 1799 1074 1863 eo,
1096 1801 1189 1865 quern
1212 1801 1309 1866 supra
1330 1784 1467 1849 lacteum
1491 1787 1601 1851 orbam
1623 1787 1677 1852 de-

452 1882 700 1949 monstrauimus
732 1899 801 1948 esse
824 1932 830 1946 .
853 1881 932 1948 haec
963 1883 1079 1949 occidit
1109 1889 1219 1950 exorto
1243 1885 1365 1970 Leone3
1396 1886 1539 1952 exoritur
1569 1893 1676 1953 autem

452 2003 525 2051 eum
546 1983 755 2068 Capricorno,
784 1984 904 2050 babens
926 1985 958 2049 in
981 1986 1086 2067 capilo
1108 1986 1232 2051 stellam
1254 1987 1285 2064 1,
1315 1987 1347 2051 in
1369 1992 1506 2069 utraque
1527 2007 1632 2072 penna
1653 1991 1678 2068 l,

452 2086 485 2150 in
508 2086 610 2152 cauda
630 2086 655 2150 Ι.

537 2185 613 2250 XVI
642 2183 888 2250 DELPHINUS
909 2203 972 2250 non
994 2184 1087 2266 longe
1110 2187 1150 2251 ab
1171 2187 1307 2268 Aquilae
1331 2188 1421 2270 siguo
1443 2187 1608 2270 figuratus,
1630 2189 1678 2253 in-

395 2289 436 2355 15
456 2285 645 2353 curualione
667 2285 787 2351 candoe
807 2284 1002 2350 nouissimae
1023 2287 1127 2368 tangit
1148 2289 1389 2368 aequinoctialis
1412 2290 1522 2353 circuli
1544 2290 1677 2354 circum-

453 2387 644 2468 ductionem,
666 2385 771 2468 capile
792 2403 894 2470 propa
917 2387 1110 2469 coniungens
1133 2388 1206 2469 equi
1224 2388 1336 2470 Pegasi
1360 2394 1500 2454 roslmm
1523 2436 1530 2453 .
1552 2389 1603 2454 hic
1625 2409 1678 2454 cx-

453 2491 557 2558 oritur
579 2508 650 2556 cum
666 2488 837 2570 ,Sagicuui
859 2489 1039 2571 posteriore
1061 2495 1167 2572 parte3
1199 2490 1315 2554 occidit
1344 2497 1450 2555 autem
1482 2508 1553 2556 cum
1575 2491 1676 2572 Uirgo

452 2597 564 2660 exorta
586 2595 636 2657 est
656 2610 677 2656 a
698 2590 813 2674 capitis
830 2588 892 2656 fine
914 2638 921 2654 .
944 2590 1169 2658 hebetantem
1192 2591 1223 2655 in
1253 2593 1358 2674 capite
1381 2594 1491 2658 stellas
1515 2593 1555 2675 ΙΙ,
1578 2613 1676 2677 supra

453 2698 550 2778 capul
571 2694 613 2760 ad
636 2694 793 2760 ceruicem
814 2711 927 2760 uersus
949 2693 981 2758 II
1004 2741 1010 2756 .
1032 2693 1074 2759 ad
1096 2711 1135 2759 ea
1156 2713 1238 2776 quae
1259 2695 1291 2759 in
1314 2702 1427 2762 uentre
1448 2697 1537 2761 uelut
1554 2715 1677 2779 pennae

393 2798 436 2864 20
452 2797 613 2878 uidentur,
633 2796 732 2861 habel
753 2796 862 2861 stellas
879 2795 936 2876 Ill,
957 2796 990 2860 iu
1014 2796 1152 2878 scapulis
1175 2797 1199 2876 l,
1220 2795 1252 2860 iu
1275 2799 1377 2863 cauda
1395 2797 1427 2862 II
1449 2846 1454 2860 .
1478 2799 1605 2864 omnino
1629 2806 1678 2866 esl

452 2899 623 2966 alcllamm
645 2898 746 2964 v1111.

413 3023 416 3029 ’
536 3000 628 3067 XVII
661 2998 819 3079 EQUUS
842 3000 994 3065 arcticum
1016 2999 1167 3066 circulum
1190 3005 1346 3083 speciano,
1368 3001 1502 3084 pedibus
1521 3004 1678 3068 aestiuum

453 3104 572 3186 orbam,
598 3109 740 3170 extremo
766 3120 823 3169 orc
845 3109 942 3186 caput
963 3103 1113 3187 Delphini
1137 3108 1267 3187 langore
1290 3104 1433 3186 ululatur,
1455 3106 1587 3189 bullonii
1610 3127 1679 3172 urua-

451 3228 527 3275 nnm
550 3207 695 3274 dextram
718 3207 841 3274 ceruice
863 3225 922 3273 sua
943 3207 1135 3291 coniungens
1154 3214 1187 3274 el
1204 3208 1349 3293 utusque
1371 3209 1515 3274 Piscibus
1538 3211 1674 3293 clausus,

394 3313 436 3379 25
454 3330 536 3396 quos
556 3313 591 3377 in
613 3311 780 3377 duodecim
804 3311 903 3392 signis
925 3316 1038 3393 postea
1061 3312 1347 3377 demonstrabimus
1371 3361 1376 3376 .
1400 3311 1494 3376 buius
1520 3314 1551 3377 in
1576 3313 1677 3378 stellis

452 3431 568 3496 corpus
591 3417 850 3494 apparatusque
872 3412 914 3476 ad
935 3411 1119 3475 umbilicum
1138 3410 1348 3477 deformatum
1367 3461 1373 3472 .
1393 3413 1446 3493 qui
1469 3414 1585 3479 occidit
1607 3433 1677 3478 cum

452 3514 544 3580 Pisce
567 3513 607 3579 da
630 3513 754 3578 duobus
775 3514 889 3596 primo,
903 3513 967 3594 ,qui
989 3529 1087 3596 supra
1109 3518 1234 3594 tergum
1258 3513 1326 3578 eius
1350 3518 1399 3578 est
1420 3511 1513 3616 lixus3
1537 3515 1682 3579 exoritur

453 3669 657 3680 ———--

520 3732 546 3788 D
565 3737 579 3787 1
598 3736 722 3802 expectet
740 3733 746 3799 Ι
765 3735 799 3787 22
815 3737 978 3811 exspectans.
996 3760 1029 3770 -
1047 3729 1071 3784 G
1093 3730 1215 3787 allabet
1236 3735 1376 3800 autemid
1394 3731 1521 3787 circadam
1540 3749 1589 3788 om.
1606 3735 1611 3800 Ι
1626 3739 1642 3788 7
1660 3748 1677 3787 a

452 3833 502 3873 om.
518 3819 523 3884 Ι
540 3822 571 3872 11
583 3822 643 3871 orto
658 3818 663 3883 Ι
680 3819 711 3872 14
719 3814 836 3884 Delphin
850 3818 856 3883 Ι
870 3815 999 3884 Quietus
1007 3829 1056 3868 om
1073 3818 1077 3882 Ι
1092 3815 1285 3870 incursatione
1300 3817 1305 3884 Ι
1323 3820 1353 3871 16
1363 3817 1516 3883 contingens
1530 3818 1535 3882 Ι
1556 3821 1585 3870 18
1594 3831 1675 3884 supra

453 3899 583 3955 ceruicem
601 3899 628 3956 11
642 3901 648 3969 Ι
662 3901 697 3954 20
721 3897 813 3954 stellas
831 3913 880 3952 om.
896 3899 901 3965 Ι
916 3897 1021 3952 omnino
1044 3912 1094 3953 om.
1110 3899 1265 3964 labellorum
1291 3904 1332 3954 est
1347 3901 1352 3967 Ι
1367 3902 1400 3952 22
1419 3901 1503 3954 eatiuo
1529 3900 1593 3952 orbe
1619 3899 1677 3968 niti,

454 3990 572 4040 extremo
587 3983 593 4053 Ι
607 3985 641 4040 23
658 3988 738 4052 capul
754 3997 805 4036 om.
820 3982 826 4051 Ι
840 3986 874 4038 25
891 3981 942 4036 xil
956 3980 962 4051 Ι
977 3986 1010 4036 27
1028 3981 1146 4036 exoritur
1162 3990 1260 4038 autem.

524 4173 557 4226 10
571 4155 667 4224 ‘caude
692 4181 772 4222 unm
789 4208 795 4223 .
815 4167 909 4236 ltaque
929 4167 1035 4221 omnino
1056 4176 1118 4223 sunt
1140 4163 1272 4238 quattuor'
1291 4168 1315 4224 U
1333 4168 1430 4238 aliique
1445 4171 1450 4237 Ι
1467 4173 1499 4224 14
1516 4169 1635 4223 Delliuus
1653 4169 1677 4222 D

455 4255 527 4325 unia.
546 4253 664 4324 Delphin
678 4254 684 4323 Ι
699 4255 732 4310 16
749 4252 854 4308 conii)
873 4253 944 4320 uulg.
959 4253 1112 4323 contingens
1126 4295 1133 4310 .
1147 4253 1239 4309 eadem
1258 4255 1386 4309 uocabula
1405 4254 1485 4309 etiam
1502 4255 1529 4308 in
1546 4270 1602 4324 sqq.
1617 4257 1676 4310 'sae

455 4343 517 4414 plue
538 4340 652 4396 inMas.
670 4338 867 4395 ooniunduulur
882 4341 886 4406 Ι
903 4342 936 4395 18
955 4352 973 4392 a
998 4337 1084 4408 capilo
1101 4337 1138 4404 ος
1164 4353 1181 4394 a
1207 4339 1294 4409 capite
1319 4339 1373 4393 line
1390 4340 1429 4408 D·,
1455 4355 1472 4394 a
1497 4340 1591 4410 capitis
1617 4340 1676 4414 line,

457 4432 471 4486 l
490 4426 568 4496 Mon,
581 4425 653 4494 nolu.
671 4423 705 4480 ad
723 4424 815 4494 capitis
832 4423 911 4478 liucm
927 4426 933 4493 Ι
949 4427 981 4480 19
998 4424 1032 4480 ml
1050 4441 1099 4481 orn.
1120 4430 1133 4479 1
1152 4424 1208 4480 eod.
1228 4425 1317 4481 Saul.
1335 4442 1418 4496 aruum
1434 4443 1474 4496 cp.
1497 4431 1526 4482 13
1541 4427 1546 4496 Ι
1561 4433 1595 4483 20
1607 4445 1677 4499 arup-

455 4515 481 4570 D
496 4513 520 4570 G
537 4513 609 4580 uulg.
628 4526 698 4581 scop.
715 4519 804 4566 aulem
818 4513 824 4581 Ι
839 4517 870 4567 21
881 4511 959 4566 Villl
976 4511 1039 4565 be
1057 4512 1128 4580 uulg.
1143 4511 1232 4566 decern
1252 4555 1257 4567 .
1276 4512 1321 4566 sed
1339 4513 1366 4566 in
1384 4513 1416 4566 iis
1433 4531 1502 4581 quae
1519 4513 1678 4568 arrtecedunt

455 4614 530 4654 error
546 4597 632 4651 inesse
648 4595 779 4652 uidetur.
798 4611 831 4650 ax
849 4600 948 4651 011111.
967 4599 998 4652 31
1017 4603 1045 4650 et
1062 4597 1147 4650 Schol.
1167 4595 1253 4650 Germ.
1273 4614 1298 4665 p.
1312 4601 1363 4652 412
1379 4597 1454 4666 Eyss.
1472 4613 1521 4665 pro
1537 4591 1574 4651 ‘in
1592 4599 1680 4666 capita

455 4679 548 4736 stellas
565 4672 599 4733 11’
618 4685 787 4748 exspectares
802 4668 840 4733 ‘in
857 4694 904 4734 ore
920 4679 1025 4734 atellam
1043 4673 1084 4737 1’.
1103 4695 1196 4735 nonem
1215 4683 1447 4736 enumeratorum
1466 4680 1543 4737 Ouid.
1562 4680 1634 4736 Fasl.
1653 4687 1678 4753 2,
1687 4732 1691 4756 ·.

457 4772 506 4825 117
521 4770 527 4836 Ι
540 4770 575 4824 22
592 4770 656 4822 acab
675 4771 725 4820 etc.
743 4763 768 4820 b
786 4764 857 4834 nulg.
876 4765 986 4822 destino
1002 4766 1066 4822 orbo
1082 4765 1140 4837 uili,
1166 4771 1285 4821 cxmcruo
1300 4767 1305 4834 Ι
1320 4773 1353 4823 25
1368 4767 1393 4819 iu
1412 4766 1436 4822 d.
1454 4765 1528 4839 sign,
1555 4767 1588 4822 cl'.
1608 4766 1676 4824 iulia
1710 4818 1714 4839 2

457 4871 497 4925 op.
515 4852 617 4921 29127
634 4850 712 4909 flam
729 4849 766 4920 (ὴ
791 4857 896 4921 tergum
923 4859 964 4909 est
989 4851 1066 4909 hctus
1083 4852 1108 4905 D
1131 4851 1177 4909 sed
1203 4851 1219 4907 i.
1239 4870 1272 4907 m.
1291 4852 1432 4922 adponitur
1457 4852 1511 4907 alia
1536 4851 1626 4909 lectio:
1653 4854 1679 4909 ei
1716 4844 1729 4908 'a

456 4939 532 4998 llxua
