4016 5914
960 720 1170 784 ..82-

452 889 615 968 tumquam
638 882 769 950 reducto
792 883 943 951 circulum
965 884 1118 952 arcticum
1140 892 1283 969 tangens,
1306 903 1422 969 corpus
1445 891 1481 951 ut
1503 885 1534 949 iu
1558 885 1679 969 spiram

454 988 675 1073 complicare.
698 993 731 1053 et
752 988 779 1052 si
801 988 872 1070 quis
895 987 1078 1070 diligentius
1100 990 1283 1071 attenderit,
1305 989 1415 1054 uidere
1437 989 1559 1071 poterit
1580 993 1678 1071 caput

455 1089 610 1154 Draconis
628 1088 670 1154 ad
688 1089 817 1154 maioris
834 1088 937 1155 Ursae
954 1091 1115 1171 regionem
1134 1094 1255 1156 caudae
1274 1092 1463 1174 collocatum
1481 1138 1488 1153 .
1507 1091 1560 1154 luic
1582 1091 1680 1155 habet

454 1191 487 1255 iu
505 1196 642 1270 utroque
659 1196 804 1272 ternpore
821 1191 931 1256 stellas
949 1191 1099 1273 singulas,
1118 1191 1152 1255 in
1166 1191 1266 1256 oculis
1280 1191 1428 1272 siugulas,
1446 1192 1478 1255 iu
1497 1198 1603 1255 mento
1620 1190 1682 1254 let

418 1291 438 1351 5
456 1296 526 1356 toto
536 1309 670 1371 corpore
680 1290 803 1371 reliquo
812 1291 932 1371 passim
942 1290 1112 1372 dispositas
1121 1291 1160 1370 X,
1173 1293 1218 1357 ita
1232 1296 1269 1354 ut
1278 1292 1405 1356 omnino
1421 1293 1485 1356 sint
1494 1292 1606 1356 stellae
1614 1289 1682 1354 XV.

541 1389 589 1456 III
611 1389 952 1456 ARO'IOPIIYLAII
983 1391 1087 1456 Huius
1104 1409 1232 1456 manum
1253 1391 1414 1456 sinistram
1433 1393 1569 1456 circulus
1586 1389 1683 1456 arcti·

456 1511 511 1558 cus
534 1492 668 1557 includit
695 1493 754 1575 ita,
779 1498 816 1558 ut
841 1509 944 1574 neque
966 1491 1111 1556 occidero
1140 1510 1243 1574 neque
1276 1492 1394 1558 exoriri
1420 1493 1581 1568 uideatur;
1613 1494 1683 1575 ipse

456 1600 563 1661 autem
585 1595 710 1678 positus
732 1595 773 1660 ab
795 1595 913 1660 arctico
936 1595 1054 1660 circulo
1076 1594 1117 1659 ad
1140 1595 1296 1660 aestiuum
1320 1593 1485 1676 delinitur,
1514 1595 1683 1661 iuolmatus

456 1699 489 1764 in
511 1697 756 1780 longitudinem,
782 1696 894 1762 dextro
917 1696 1000 1778 pede
1022 1697 1146 1761 aestiuo
1170 1697 1288 1762 circulo
1311 1697 1403 1761 nixus
1424 1745 1432 1761 .
1454 1696 1551 1762 huius
1573 1699 1682 1763 hume·

398 1795 440 1859 10
458 1817 512 1865 ros
534 1805 568 1864 et
588 1805 701 1882 pectus
722 1786 750 1864 a
763 1799 887 1881 reliquo
910 1816 1044 1880 corpore
1067 1797 1183 1863 diuidit
1204 1797 1349 1881 circulus,
1370 1799 1425 1880 qui
1447 1817 1506 1881 per
1528 1807 1682 1881 utrosque

456 1903 550 1985 polos
579 1903 739 1968 transiens
769 1901 872 1984 tangit
895 1902 1034 1966 Arietem
1063 1905 1096 1967 ct
1118 1898 1232 1965 Chelas
1254 1948 1262 1964 .
1283 1900 1336 1966 lric
1366 1901 1451 1984 quod
1483 1919 1554 1966 cum
1576 1901 1682 1967 'l'auro

458 2011 490 2072 et
513 2005 656 2072 Geminis
678 2003 853 2070 orientibus
874 2010 908 2070 et
930 2002 1051 2070 Cancro
1074 2009 1107 2070 ot
1130 2003 1236 2069 Iroone
1260 2004 1391 2085 occidit,
1413 2005 1485 2071 ideo
1507 2025 1580 2070 soro
1603 2006 1683 2070 occi·

459 2109 535 2175 dere
558 2109 674 2174 dicitur·
696 2154 704 2172 .
727 2108 781 2192 qui
803 2107 904 2190 magis
926 2112 1050 2173 erectus
1072 2126 1092 2174 a
1113 2108 1248 2192 podibus
1271 2110 1418 2192 peruenit
1439 2110 1480 2174 ad
1499 2115 1628 2190 tormm,
1649 2115 1683 2174 at

457 2213 585 2296 plagius
616 2211 761 2278 exoriens
793 2210 886 2277 citius
918 2231 1012 2294 qaam
1043 2209 1160 2278 Gllclac
1196 2211 1324 2278 uidetur
1350 2263 1357 2277 .
1385 2213 1481 2278 labet
1512 2219 1618 2278 ranulam
1649 2213 1682 2277 iu

400 2310 441 2375 15
459 2335 554 2381 mauu
581 2316 694 2380 dextra
719 2315 829 2379 stellas
855 2319 1020 2396 quattuor,
1045 2332 1127 2395 quae
1157 2333 1330 2397 numquam
1352 2315 1496 2380 occidere
1519 2317 1681 2398 dicuntum

458 2417 491 2481 iu
509 2417 614 2499 capito
632 2416 757 2482 stellam
770 2415 795 2497 Ι,
816 2415 848 2479 in
865 2421 1002 2496 utroque
1016 2415 1148 2480 humero
1166 2416 1318 2497 siugulas,
1339 2416 1372 2480 iu
1389 2422 1527 2498 utraque
1544 2435 1683 2481 mamma

459 2518 609 2601 singulas,
631 2518 688 2583 sed
710 2516 877 2582 clariorem
900 2516 1044 2582 dextram
1067 2523 1099 2581 et
1120 2516 1179 2581 sub
1211 2537 1249 2582 ea
1279 2517 1414 2582 alteram
1436 2519 1617 2596 obscuram,
1648 2525 1681 2582 et

459 2621 492 2687 in
514 2620 621 2686 ouillo
645 2619 756 2685 dextro
779 2618 898 2684 claram
920 2618 944 2698 I,
970 2619 1002 2682 in
1024 2636 1104 2684 zona
1127 2637 1221 2684 uuam
1249 2619 1367 2683 clarius
1389 2620 1503 2684 ceteris
1525 2620 1682 2684 lucentem

457 2723 548 2806 (haec
571 2723 665 2788 stella
687 2724 844 2786 Arcturus
873 2722 1081 2803 appellatur),
1110 2721 1144 2785 in
1174 2721 1319 2803 utrisque
1350 2722 1486 2803 pedibus
1511 2723 1684 2803 singulas.

399 2819 443 2882 20
461 2841 543 2905 quae
566 2824 694 2887 omnino
717 2827 792 2886 sunt
812 2822 914 2886 XIIII.

545 2921 591 2986 IV
622 2920 844 2987 CORONAM
866 2921 999 2986 humero
1021 2920 1150 2985 sinistro
1172 2937 1273 3001 prope
1302 2923 1485 3002 contingere
1506 2922 1677 3003 Arctophy-

458 3023 513 3088 lax
535 3022 676 3104 uidetur3
699 3023 753 3103 qui
775 3026 882 3086 auteur
904 3021 1086 3100 Engonasin
1109 3021 1241 3103 dicitur,
1263 3021 1366 3118 dexpri
1388 3021 1479 3102 pchs
1502 3023 1588 3086 calce
1611 3040 1684 3087 con·

459 3123 603 3204 iungitur
623 3169 631 3186 .
653 3123 732 3187 llaec
749 3121 871 3186 Cancro
890 3127 922 3185 et
938 3122 1046 3185 Leone
1065 3122 1226 3186 exoriente
1245 3122 1398 3202 occidere,
1420 3140 1491 3187 cum
1509 3121 1684 3203 Scorpione

460 3223 578 3291 exoriri
604 3221 796 3308 perspicitur
817 3269 824 3285 .
845 3222 944 3287 habet
968 3227 1075 3287 autem
1102 3221 1339 3290 stollas‘VIIlI
1360 3222 1393 3287 in
1415 3223 1554 3289 rotundo
1577 3223 1683 3306 dispo-

386 3312 443 3385 ¹25
463 3326 551 3409 sitas,
572 3326 629 3392 sed
651 3343 690 3392 ex
712 3325 761 3391 his
783 3329 850 3390 tres
872 3325 989 3390 clarius
1012 3324 1125 3390 ceteris
1147 3325 1297 3391 lucentes.

549 3427 578 3493 V
608 3425 900 3492 ENGONASIN..
925 3427 986 3491 Hic
1007 3428 1132 3507 positus
1153 3426 1237 3491 iuter
1262 3426 1342 3492 duos
1365 3427 1508 3507 circulos,
1531 3428 1682 3492 arcticum

460 3535 494 3593 et
514 3529 683 3609 aestiuum,
704 3528 847 3608 utrisque
868 3527 1004 3609 pedibus
1028 3532 1062 3592 et
1084 3528 1198 3592 dextro
1216 3545 1310 3608 genu,
1332 3546 1425 3609 quem
1443 3534 1517 3593 ante
1540 3529 1684 3607 diximus,

528 3784 554 3839 D
572 3788 589 3840 1
606 3783 757 3854 complicari
775 3823 781 3836 .
800 3789 830 3837 ut
847 3783 870 3837 si
887 3780 932 3852 qui
946 3784 983 3851 14
997 3770 1099 3838 ‘stellas
1115 3776 1240 3851 singulas'
1259 3797 1310 3837 om.
1325 3783 1330 3850 Ι
1348 3785 1377 3838 11
1396 3782 1493 3853 polusl
1511 3787 1543 3840 18
1561 3800 1613 3853 quo
1631 3798 1684 3838 me·

459 3869 508 3939 gls.
528 3899 562 3909 -
580 3868 604 3924 G
621 3866 1229 3939 ssullrsinoarlixloitaom.lstallarum
1246 3867 1682 3936 sintlioririltllougitudinel

461 3959 494 4011 11
514 3954 585 4024 quod
600 3953 685 4023 magis
700 3955 704 4021 Ι
719 3955 754 4009 10
769 3953 905 4021 (1111114
921 3952 995 4008 orici.

460 4120 663 4130 --u--a-—m-

530 4197 543 4248 l
561 4205 667 4260 speram
684 4189 709 4244 D
724 4188 748 4242 G
764 4189 836 4257 uulg.
854 4190 994 4258 sphaeram
1012 4230 1019 4244 .
1037 4189 1106 4258 quod
1128 4188 1202 4256 dedi,
1227 4189 1281 4243 iarn
1301 4188 1409 4243 Grotius
1436 4188 1523 4244 uoluit
1536 4191 1573 4257 11
1590 4188 1684 4257 compl.

460 4275 483 4328 G
503 4275 575 4345 uulg.
594 4271 746 4343 complicari
760 4275 765 4340 Ι
780 4277 797 4328 s
813 4273 858 4326 hic
874 4280 924 4328 etc
941 4273 974 4327 ct
993 4275 1040 4327 Ar.
1057 4272 1156 4326 Phaon.
1174 4275 1208 4327 oo
1226 4287 1265 4340 sq.
1281 4274 1286 4339 Ι
1300 4277 1317 4327 5
1329 4273 1391 4326 siat
1408 4279 1441 4326 st
1460 4271 1485 4324 D
1504 4272 1575 4339 uulg.
1594 4271 1685 4325 stella·

460 4375 520 4414 rum
537 4359 574 4414 sit
587 4359 624 4426 16
642 4358 717 4414 Arct.
735 4355 798 4411 DG
819 4358 892 4426 uulg.
910 4357 1006 4413 Bootes
1030 4357 1088 4412 siue
1104 4356 1306 4427 Arctophylax!
1322 4361 1352 4410 11
1371 4355 1414 4409 hic
1435 4356 1506 4424 quod
1522 4355 1547 4409 D
1567 4355 1591 4409 (1
1613 4353 1684 4423 uulg.

460 4443 503 4499 lxic
520 4442 627 4513 quidam
642 4445 648 4512 Ι
664 4447 696 4499 11
710 4442 855 4498 orientibus
871 4442 961 4498 addidi
979 4458 1012 4498 ox
1030 4442 1055 4496 Il
1070 4444 1075 4511 Ι
1088 4456 1147 4497 soro
1164 4457 1218 4496 occ
1236 4456 1319 4510 square
1337 4440 1412 4510 piger
1425 4441 1521 4496 Bootes
1535 4438 1684 4510 appellatur

458 4528 493 4583 ab
512 4527 590 4584 Ouid.
608 4527 682 4583 I'aat
700 4533 725 4595 a,
741 4531 793 4584 loo
807 4530 813 4596 l
829 4533 860 4584 11
878 4528 936 4598 qul,
956 4534 968 4584 l
988 4527 1061 4582 Voss
1080 4526 1152 4594 nulg.
1169 4526 1260 4596 quodl
1277 4531 1309 4582 14
1326 4526 1432 4596 plagium
1453 4525 1543 4580 addidi
1564 4541 1598 4580 ex
1613 4524 1639 4578 D
1657 4533 1686 4578 et

460 4615 476 4667 1
494 4611 539 4667 Ul.
557 4607 683 4679 πλάγιος
697 4625 793 4679 graeoe
810 4620 851 4666 est
867 4611 937 4680 quod
953 4612 1035 4667 latine
1051 4609 1173 4679 obliquus
1188 4612 1193 4677 Ι
1210 4616 1242 4666 15
1259 4611 1332 4680 uulg.
1349 4610 1455 4666 mantra
1473 4652 1480 4666 .
1499 4608 1569 4664 idem
1585 4609 1688 4663 habent

458 4694 483 4748 D
500 4692 588 4748 (ised
606 4692 746 4762 legendum
762 4699 804 4749 est
819 4693 913 4750 dextra
930 4710 962 4749 ex
980 4695 1111 4750 catastil
1127 4702 1156 4748 ct
1172 4695 1260 4749 Schol.
1270 4694 1357 4749 Germ.
1371 4710 1398 4764 p.
1411 4698 1462 4750 187
1475 4694 1552 4764 lipsa.
1567 4697 1572 4762 Ι
1590 4696 1621 4749 18
1634 4699 1686 4756 cet

356 4780 359 4789 ’
459 4778 484 4832 D
503 4778 526 4832 (1
544 4776 695 4846 uulgaret
711 4778 822 4848 111111
838 4785 928 4834 autem
945 4779 1086 4848 eugoaasin
1104 4778 1191 4834 dextri
1207 4779 1283 4850 pedis
1300 4779 1371 4834 calce
1384 4779 1518 4848 coniungit
1530 4779 1556 4832 D
1570 4778 1594 4832 (l
1611 4765 1701 4858 1111.)ε

460 4876 529 4938 quac
546 4866 636 4917 autem
652 4861 806 4930 Engonasin
822 4861 909 4917 dextri
925 4879 951 4932 p.
969 4878 991 4918 c.
1009 4863 1143 4933 coniungit
1160 4905 1167 4920 .
1184 4863 1255 4934 quod
1277 4864 1350 4934 dedi,
1372 4865 1457 4920 uoluit
1473 4864 1511 4919 Μ.
1529 4879 1563 4918 ex
1580 4866 1597 4919 1
1615 4862 1659 4917 Ul.
1677 4865 1682 4929 Ι
1703 4859 1718 4940 l..

458 4950 491 5002 11
510 4952 543 5001 st.
562 4945 640 5004 VIIII
659 4945 730 5015 uulg.
748 4960 844 5001 nouem
860 4953 893 5001 st.
909 4948 962 5015 116
979 4946 1097 5004 arcticon
1114 4948 1139 5002 D
1156 4947 1203 5003 sed
1220 4949 1246 5004 in
1264 4964 1336 5020 seqq.
1353 4949 1488 5005 arcticum.
