4016 5914
934 683 1165 748 -114-

524 846 631 924 Quare
663 849 771 911 autem
801 846 922 924 euenit,
955 849 993 909 ut
1023 848 1098 908 ants
1129 845 1279 928 dlxlmus,
1313 851 1399 931 quod
1430 869 1463 916 m
1493 859 1559 918 atur
1587 872 1658 920 cum

439 944 558 1012 mundo
580 946 630 1012 sol
651 943 746 1028 uerti,
768 941 836 1012 cius
858 941 971 1010 similis
993 943 1073 1009 baec
1095 949 1145 1012 est
1166 963 1262 1013 causa
1285 995 1292 1012 .
1313 952 1351 1016 ut
1371 949 1399 1014 si
1421 951 1492 1034 quis
1514 953 1547 1019 iu
1569 956 1659 1022 naui-

440 1049 532 1116 culae
549 1053 655 1116 rostro
673 1047 798 1132 sedens,
819 1046 893 1114 binc
911 1051 1046 1130 quaerat
1066 1047 1108 1114 ad
1125 1049 1258 1134 puppim
1280 1052 1427 1136 transbe,
1449 1059 1482 1122 et
1503 1056 1661 1125 nibilomi-

436 1171 496 1220 nus
517 1152 589 1236 ipsa
610 1151 703 1219 nauis
723 1152 786 1219 iter
807 1169 900 1217 suum
922 1147 1083 1233 conficiat,
1113 1149 1167 1217 ille
1199 1153 1326 1236 quidem
1357 1155 1521 1225 uidebitur
1551 1166 1660 1228 contra

399 1253 607 1322 bnauiculae
628 1271 756 1320 cursum
777 1252 834 1333 ire,
856 1252 913 1318 sed
930 1256 1036 1318 tamen
1058 1252 1170 1319 eodem
1193 1256 1360 1338 pemanict
1382 1276 1445 1340 quo
1466 1260 1558 1327 nauis
1576 1309 1584 1325 .
1601 1261 1660 1330 boe

438 1358 546 1422 autem
568 1355 614 1420 sic
636 1354 734 1420 etiem
754 1351 879 1420 facilius
902 1352 1110 1436 intellegitur,
1140 1354 1167 1420 si
1189 1375 1305 1424 nauem
1326 1357 1476 1426 dimiseris
1498 1363 1530 1427 in
1552 1369 1660 1446 partes

436 1455 586 1539 CCCLX,
606 1454 873 1539 quemadmodum
895 1454 944 1520 sol
967 1453 1079 1521 diebus
1103 1453 1239 1524 CCCLX
1260 1461 1356 1526 simul
1381 1462 1534 1529 mundum
1555 1469 1659 1532 mans-

438 1558 499 1643 igit
520 1606 530 1624 .
551 1556 663 1625 eodem
685 1558 792 1641 modo,
813 1560 850 1623 ut
872 1560 945 1622 ante
968 1555 1114 1640 diximus,
1135 1557 1163 1624 si
1185 1558 1277 1628 nauis
1298 1559 1342 1628 eit
1363 1561 1467 1629 diuisa
1488 1569 1522 1630 et
1542 1565 1575 1632 in
1596 1586 1660 1634 una

437 1665 531 1746 parte
562 1661 602 1727 de
632 1659 785 1728 trecentis
815 1657 982 1742 sexaginta
1012 1659 1225 1728 constituatur
1255 1663 1390 1746 quilibet
1419 1685 1531 1733 corum
1559 1669 1660 1748 (nauis

378 1768 421 1834 10
438 1769 547 1832 autem
568 1763 667 1830 babet
687 1763 780 1830 unius
803 1762 867 1829 diei
889 1761 1040 1842 cursum),
1070 1761 1125 1830 ille
1156 1764 1283 1846 quidem
1315 1772 1426 1834 contre
1456 1788 1571 1837 nauem
1602 1773 1659 1853 ire,

437 1867 494 1934 sed
516 1884 588 1932 cum
610 1884 649 1934 ea
670 1865 713 1932 ad
734 1865 838 1932 locum
858 1861 1022 1930 delinitum
1045 1866 1214 1947 peruenire
1235 1867 1439 1952 intellegetur
1461 1921 1468 1936 .
1491 1891 1554 1939 ιιοιι
1576 1874 1659 1940 enim

437 1975 528 2036 extra
553 1987 669 2034 nauem
691 1973 755 2050 cst,
786 1967 841 2050 qui
862 1985 882 2032 a
903 1970 1009 2032 rostro
1030 1966 1072 2031 ad
1098 1968 1232 2052 puppim
1254 1969 1383 2052 transit,
1412 1975 1469 2038 sed
1492 1974 1563 2056 ipsa
1584 1977 1659 2043 rinui

436 2071 618 2138 continetur
639 2119 647 2135 .
668 2070 747 2136 item
768 2069 817 2134 sol
839 2085 911 2134 cum
932 2067 1117 2151 peripsum
1139 2071 1292 2136 mundum
1312 2071 1375 2139 iter
1397 2072 1543 2142 conficiet
1566 2082 1599 2142 et
1622 2096 1659 2144 eo

436 2171 652 2254 contineatur,
673 2170 803 2237 uidetur
825 2173 936 2236 contra
957 2167 1109 2236 muudum
1131 2170 1193 2254 ire,
1214 2172 1272 2239 scd
1294 2190 1365 2238 cum
1387 2192 1425 2239 co
1448 2177 1597 2260 peruenit
1617 2181 1659 2244 ad

378 2277 419 2344 lb
437 2294 584 2344 occasum
606 2323 614 2342 .
636 2293 709 2343 eum
731 2274 816 2342 enim
837 2274 974 2342 mundus
996 2273 1167 2343 trecenties
1189 2277 1223 2342 ct
1239 2275 1382 2360 sexagies
1399 2293 1434 2343 se
1456 2281 1661 2365 conuenerit,

437 2383 514 2446 tuuc
535 2379 585 2445 sol
607 2379 670 2446 iter
691 2396 830 2444 annuum
854 2374 988 2444 coniicit
1314 2451 1323 2467 ⁹

521 2481 598 2547 XIV
629 2479 787 2559 Quoniam
809 2478 940 2545 desole
961 2477 1233 2561 quaeuisasuut
1259 2478 1351 2546 nobis
1381 2480 1550 2548 utilissima
1580 2501 1660 2567 csse,

434 2580 553 2648 litteris
574 2579 807 2660 mandarimus,
841 2597 925 2645 nunc
946 2579 987 2646 de
1008 2581 1085 2645 luna
1106 2578 1248 2646 dicemus
1277 2580 1347 2657 (elsi
1375 2581 1438 2648 alie
1460 2584 1564 2651 conati
1587 2604 1660 2669 per·

435 2683 592 2763 scribere,
614 2683 704 2748 uelut
725 2685 841 2747 natura
862 2681 1034 2748 uoluminis
1056 2681 1097 2746 ad
1120 2682 1180 2747 boc
1201 2680 1263 2748 loci
1285 2683 1496 2767 deuenimus),
1522 2705 1562 2752 ne
1583 2705 1660 2753 non·

375 2785 418 2851 20
438 2783 534 2850 nullis
556 2783 710 2848 intactam
730 2782 825 2847 buius
847 2781 1005 2848 rationem
1025 2782 1258 2864 relinquentes,
1279 2787 1336 2848 aut
1356 2790 1490 2868 propter
1510 2805 1660 2870 magnum

437 2885 580 2951 laborem
604 2881 771 2966 deiecisse,
801 2887 859 2949 aut
889 2882 1056 2948 inscientia
1086 2881 1229 2966 superati
1259 2902 1323 2949 non
1350 2884 1488 2954 ualuisse
1509 2890 1658 2974 persequi

435 2986 634 3052 uideamur.
656 3003 715 3052 nos
737 2989 930 3054 autemnon
952 2984 1080 3051 illorum
1106 2985 1349 3052 existimationis
1378 2989 1536 3056 timendae
1563 3009 1658 3056 causa

435 3087 584 3170 persequi
606 3085 816 3167 instituimus,
846 3087 904 3151 sed
926 3085 1163 3151 consuetudinis
1194 3091 1323 3151 nostrae
1349 3090 1504 3177 rationem
1527 3088 1656 3156 demon·

436 3191 569 3267 strasse,
601 3191 635 3252 et
656 3185 742 3268 quod
764 3185 897 3252 alterius
925 3185 1036 3266 quaeri
1056 3186 1205 3250 uolumen
1235 3185 1296 3251 boc
1325 3188 1467 3270 perlecto
1492 3190 1660 3271 noluimus,

375 3289 495 3386 Donec
515 3287 638 3353 tamdiu
661 3305 728 3352 rem
751 3286 924 3368 cogitatam
944 3287 1097 3368 scriptam
1118 3286 1253 3350 aliorum
1275 3286 1317 3351 ad
1339 3287 1532 3354 desiderium
1558 3290 1658 3355 addu-

436 3406 508 3455 cere
530 3437 537 3452 .
559 3394 728 3472 praeterea
749 3405 821 3454 cum
843 3386 968 3471 reliqua
989 3385 1095 3454 omnia
1117 3385 1358 3470 diligentissime
1379 3390 1537 3473 persecuti
1559 3389 1658 3458 lueri·

503 3573 529 3627 D
546 3576 564 3630 8
580 3573 643 3627 hine
655 3578 736 3643 quest
750 3573 756 3641 Ι
770 3571 996 3641 dintellsgeretur
1010 3572 1016 3642 Ι
1031 3576 1062 3628 11
1072 3571 1271 3640 intellegeretur
1285 3573 1292 3642 Ι
1307 3576 1340 3628 14
1353 3574 1503 3628 continetur
1516 3577 1522 3642 Ι
1538 3580 1570 3631 17
1583 3574 1658 3644 Quod

435 3657 472 3713 de
487 3660 493 3728 Ι
509 3660 542 3714 19
550 3657 631 3713 nelnd
647 3659 652 3727 Ι
666 3662 702 3714 10
709 3659 843 3714 mennon
857 3659 863 3725 Ι
877 3662 910 3714 11
919 3656 1040 3712 uidemur
1053 3661 1059 3726 Ι
1073 3657 1274 3713 estimationem.
1286 3687 1319 3697 -
1329 3656 1378 3713 G2
1390 3672 1470 3712 eausa
1482 3665 1523 3714 est
1536 3661 1542 3726 Ι
1556 3660 1657 3714 lnauis

434 3744 537 3811 emili
554 3741 696 3812 perueniat
716 3743 723 3813 Ι
742 3747 775 3799 10
795 3742 886 3796 neuim
904 3743 909 3810 Ι
930 3745 962 3797 11
980 3741 1204 3811 intelligiturlli
1221 3741 1400 3811 nanimlipse
1419 3742 1550 3812 nauillb
1568 3743 1657 3801 000.

434 3825 486 3884 LX
506 3825 608 3880 uicibus
624 3839 654 3881 ee
670 3826 773 3894 uertitl
789 3828 822 3881 lb
837 3824 943 3896 perlicit
956 3827 962 3894 Ι
977 3829 1010 3880 17
1027 3825 1141 3881 utillime
1158 3829 1164 3894 Ι
1185 3827 1218 3881 18
1234 3825 1413 3896 praescribere
1427 3827 1434 3894 Ι
1450 3829 1482 3882 19
1494 3826 1656 3885 uoluminis.

436 3915 467 3966 ut
484 3925 534 3982 pro
551 3914 649 3966 natura
665 3909 790 3966 uolumen
806 3909 842 3966 rit
856 3911 862 3979 Ι
876 3908 1044 3964 deueniemus
1058 3911 1064 3980 Ι
1077 3913 1109 3966 21
1123 3909 1227 3966 inscitia
1241 3911 1247 3981 Ι
1260 3914 1294 3967 25
1306 3909 1436 3965 adducore
1449 3911 1477 3964 in
1489 3909 1656 3968 leudesium.

435 4026 470 4038 -
488 3994 513 4054 ri
530 3997 549 4054 d
568 3994 725 4067 intelligitur
739 3996 746 4068 Ι
761 4000 794 4054 12
812 4009 881 4052 nnuc
894 3995 901 4067 Ι
916 3998 948 4052 11
965 3995 1097 4054 mnrrortit
1110 3997 1116 4068 Ι
1131 4001 1164 4054 21
1181 4003 1269 4054 aulam
1287 3995 1480 4056 rmunullorum.

504 4172 522 4226 1
539 4168 602 4224 binc
619 4172 730 4239 quaerat
746 4165 771 4222 (1
787 4166 860 4236 nulg.
879 4165 1019 4238 inquirat.
1037 4167 1106 4224 idern
1123 4169 1177 4224 ianr
1192 4166 1297 4224 Medius
1313 4168 1399 4224 uoluit
1412 4171 1450 4238 16
1467 4169 1539 4239 uulg,
1557 4170 1662 4226 intelli„

431 4253 503 4325 gitur
518 4253 524 4324 Ι
537 4267 641 4324 nauem,
663 4253 736 4322 uulg.
753 4253 844 4308 nanim
857 4295 864 4310 .
877 4251 906 4307 in
922 4251 988 4309 DN
1005 4253 1062 4310 bt
1081 4259 1123 4310 cet
1134 4245 1189 4310 ‘sin
1204 4247 1300 4309 aulem'
1319 4270 1368 4325 pro
1384 4254 1408 4310 si
1424 4268 1520 4310 nauem
1534 4254 1540 4325 Ι
1554 4257 1571 4310 ll
1592 4271 1654 4312 con·

433 4339 529 4394 stituat
545 4338 571 4392 D
586 4337 671 4408 (1111
689 4343 722 4395 10
738 4352 834 4394 mtrem
850 4335 915 4393 DN
931 4337 1002 4406 uulg.
1020 4337 1110 4392 nanim
1124 4343 1130 4403 Ι
1145 4342 1176 4394 11
1194 4338 1267 4408 uulg.
1284 4337 1448 4407 intelligetur
1462 4341 1468 4409 Ι
1484 4343 1515 4395 13
1533 4339 1615 4395 iaciat
1626 4339 1652 4393 D

431 4421 479 4478 sed
497 4420 605 4478 eddium
621 4437 671 4478 eon
686 4424 691 4491 Ι
707 4426 739 4478 17
756 4421 820 4492 (lep.
837 4420 903 4477 xlv
919 4420 999 4490 nubo
1023 4421 1174 4478 inscribitur
1190 4421 1268 4476 Luna
1281 4423 1287 4492 Ι
1304 4425 1335 4478 18
1353 4422 1405 4476 litt
1422 4421 1447 4476 D
1462 4422 1485 4476 (1
1503 4423 1573 4492 unlg
1591 4424 1651 4494 liti

432 4506 483 4561 etsi
499 4505 556 4561 alte
572 4505 597 4560 D
617 4505 641 4560 (1
658 4505 685 4562 11
699 4507 705 4575 Ι
719 4508 754 4562 10
770 4505 897 4562 masam
914 4504 1006 4574 scripsi
1023 4519 1057 4560 ex
1073 4505 1206 4561 unientis
1218 4505 1310 4574 Medii,
1328 4505 1400 4574 uulg.
1417 4506 1524 4561 meante
1539 4510 1545 4576 Ι
1559 4511 1590 4562 21
1605 4521 1650 4560 ua-

432 4589 515 4645 luisse
534 4630 541 4645 .
558 4587 592 4644 de
609 4589 805 4646 eomlruetione
827 4589 905 4644 buius
926 4587 1002 4644 uerbi
1024 4587 1079 4644 dixi
1095 4604 1176 4659 snpra
1193 4606 1219 4660 p.
1236 4592 1271 4644 40
1285 4591 1290 4659 Ι
1305 4603 1373 4659 pers.
1390 4595 1440 4645 etc.
1457 4590 1497 4644 sie
1513 4589 1604 4659 scripsi
1621 4604 1655 4644 ex

432 4673 457 4730 (1
476 4674 548 4745 uulg.
562 4667 698 4746 ‘persequi
715 4673 912 4732 mnmstndiuis
928 4679 1035 4730 nostrae
1052 4673 1183 4732 rationem
1200 4674 1392 4731 demonstrasse
1408 4673 1580 4744 instituimus,
1606 4673 1653 4729 sed

431 4753 509 4830 quod
528 4759 598 4816 idem
614 4759 640 4814 D
656 4761 750 4832 babet,
767 4759 815 4818 sed
838 4759 938 4816 omittit
958 4759 1006 4814 ills
1020 4747 1203 4831 instituimus,
1229 4759 1284 4816 sed'
1300 4762 1305 4828 Ι
1320 4763 1353 4816 23
1371 4774 1441 4815 sons
1459 4775 1484 4814 n.
1502 4759 1630 4815 rationem
1648 4799 1655 4814 .

432 4859 480 4899 nos
496 4843 655 4901 (ἰωιοιιιιιιε
683 4843 727 4900 die
743 4846 796 4901 sa
812 4843 867 4900 und
884 4843 973 4898 Weiss
990 4858 1099 4899 unssrer
1111 4843 1238 4900 Methode
1252 4843 1258 4913 Ι
1272 4842 1340 4898 dem.
1357 4859 1406 4912 pro
1423 4847 1603 4900 demonstrare
1619 4856 1654 4898 ex

431 4941 505 4983 more
522 4927 684 4984 (insontum
701 4925 836 5008 (11ι11111
852 4927 977 4996 sculptam
993 4925 1019 4979 D
1037 4933 1066 4982 et
1082 4927 1216 4997 scripturn,
1236 4932 1249 4983 1
1268 4926 1349 4995 Vos,
1365 4927 1438 4995 uulg.
1454 4925 1559 4996 scripto.¹
