<?xml version="1.0" encoding="UTF-8"?>
<!DOCTYPE html PUBLIC "-//W3C//DTD XHTML 1.0 Transitional//EN"
    "http://www.w3.org/TR/xhtml1/DTD/xhtml1-transitional.dtd">
<html xmlns="http://www.w3.org/1999/xhtml" xml:lang="en" lang="en">
 <head>
  <title>
</title>
<meta http-equiv="Content-Type" content="text/html;charset=utf-8" />
  <meta name='ocr-system' content='tesseract 3.04.00' />
  <meta name='ocr-capabilities' content='ocr_page ocr_carea ocr_par ocr_line ocrx_word'/>
</head>
<body>
  <div class='ocr_page' id='page_1' title='image "./hyginiastronomi01hygigoog_0066.png"; bbox 0 0 4020 5910; ppageno 0'>
   <div class='ocr_carea' id='block_1_1' title="bbox 846 672 1399 802">
    <p class='ocr_par' dir='ltr' id='par_1_1' title="bbox 846 672 1399 802">
     <span class='ocr_line' id='line_1_1' title="bbox 846 672 1399 802; baseline 0.007 -26"><span class='ocrx_word' id='word_1_1' title='bbox 846 672 1184 795; x_wconf 38' lang='grc' dir='ltr'>..ῃ-ζ’·</span> <span class='ocrx_word' id='word_1_2' title='bbox 1351 719 1399 802; x_wconf 28' lang='grc' dir='ltr'>,ι’</span> 
     </span>
    </p>
   </div>
   <div class='ocr_carea' id='block_1_2' title="bbox 334 895 1632 3328">
    <p class='ocr_par' dir='ltr' id='par_1_2' title="bbox 334 895 1632 3328">
     <span class='ocr_line' id='line_1_2' title="bbox 339 895 1570 990; baseline 0.006 -26"><span class='ocrx_word' id='word_1_3' title='bbox 339 895 492 983; x_wconf 87' lang='lat' dir='ltr'>quosdam</span> <span class='ocrx_word' id='word_1_4' title='bbox 509 896 734 982; x_wconf 89' lang='lat' dir='ltr'>nauiculurios,</span> <span class='ocrx_word' id='word_1_5' title='bbox 752 895 805 984; x_wconf 87' lang='lat' dir='ltr'>qni</span> <span class='ocrx_word' id='word_1_6' title='bbox 823 917 958 985; x_wconf 88' lang='lat' dir='ltr'>puerum</span> <span class='ocrx_word' id='word_1_7' title='bbox 977 899 1073 968; x_wconf 88' lang='lat' dir='ltr'>otiam</span> <span class='ocrx_word' id='word_1_8' title='bbox 1083 899 1234 970; x_wconf 86' lang='lat' dir='ltr'>Liberum</span> <span class='ocrx_word' id='word_1_9' title='bbox 1253 907 1378 988; x_wconf 89' lang='lat' dir='ltr'>patrem</span> <span class='ocrx_word' id='word_1_10' title='bbox 1396 908 1570 990; x_wconf 88' lang='lat' dir='ltr'>receptum,</span> 
     </span>
     <span class='ocr_line' id='line_1_3' title="bbox 338 1000 1570 1092; baseline 0.006 -26"><span class='ocrx_word' id='word_1_11' title='bbox 338 1005 376 1066; x_wconf 92' lang='lat' dir='ltr'>ut</span> <span class='ocrx_word' id='word_1_12' title='bbox 388 1001 514 1067; x_wconf 84' lang='lat' dir='ltr'><strong>Naxum</strong></span> <span class='ocrx_word' id='word_1_13' title='bbox 532 1018 604 1066; x_wconf 93' lang='lat' dir='ltr'>cum</span> <span class='ocrx_word' id='word_1_14' title='bbox 622 1001 689 1068; x_wconf 90' lang='lat' dir='ltr'>suis</span> <span class='ocrx_word' id='word_1_15' title='bbox 706 1000 875 1070; x_wconf 82' lang='lat' dir='ltr'><strong>comitibus</strong></span> <span class='ocrx_word' id='word_1_16' title='bbox 898 1008 1077 1070; x_wconf 88' lang='lat' dir='ltr'>trauectum</span> <span class='ocrx_word' id='word_1_17' title='bbox 1094 1006 1268 1073; x_wconf 81' lang='lat' dir='ltr'>redderent</span> <span class='ocrx_word' id='word_1_18' title='bbox 1285 1007 1463 1080; x_wconf 89' lang='lat' dir='ltr'>nutricibus</span> <span class='ocrx_word' id='word_1_19' title='bbox 1480 1027 1570 1092; x_wconf 84' lang='lat' dir='ltr'>nym-</span> 
     </span>
     <span class='ocr_line' id='line_1_4' title="bbox 338 1100 1571 1191; baseline 0.008 -27"><span class='ocrx_word' id='word_1_20' title='bbox 338 1100 423 1184; x_wconf 85' lang='lat' dir='ltr'>phis;</span> <span class='ocrx_word' id='word_1_21' title='bbox 453 1120 474 1166; x_wconf 92' lang='lat' dir='ltr'>a</span> <span class='ocrx_word' id='word_1_22' title='bbox 504 1101 620 1184; x_wconf 88' lang='lat' dir='ltr'>quibus</span> <span class='ocrx_word' id='word_1_23' title='bbox 651 1120 724 1169; x_wconf 92' lang='lat' dir='ltr'>eum</span> <span class='ocrx_word' id='word_1_24' title='bbox 746 1103 904 1169; x_wconf 91' lang='lat' dir='ltr'>nutritum</span> <span class='ocrx_word' id='word_1_25' title='bbox 936 1107 969 1170; x_wconf 95' lang='lat' dir='ltr'>et</span> <span class='ocrx_word' id='word_1_26' title='bbox 990 1103 1093 1171; x_wconf 82' lang='lat' dir='ltr'><strong>nostri</strong></span> <span class='ocrx_word' id='word_1_27' title='bbox 1124 1104 1157 1170; x_wconf 90' lang='lat' dir='ltr'>in</span> <span class='ocrx_word' id='word_1_28' title='bbox 1188 1106 1342 1191; x_wconf 79' lang='lat' dir='ltr'>proganie</span> <span class='ocrx_word' id='word_1_29' title='bbox 1373 1107 1505 1174; x_wconf 92' lang='lat' dir='ltr'>deorum</span> <span class='ocrx_word' id='word_1_30' title='bbox 1537 1113 1571 1174; x_wconf 92' lang='lat' dir='ltr'>et</span> 
     </span>
     <span class='ocr_line' id='line_1_5' title="bbox 337 1199 1571 1291; baseline 0.005 -24"><span class='ocrx_word' id='word_1_31' title='bbox 337 1202 507 1285; x_wconf 78' lang='lat' dir='ltr'><strong>conplures</strong></span> <span class='ocrx_word' id='word_1_32' title='bbox 538 1202 654 1269; x_wconf 84' lang='lat' dir='ltr'>Graeci</span> <span class='ocrx_word' id='word_1_33' title='bbox 687 1203 837 1270; x_wconf 87' lang='lat' dir='ltr'>dixerunt</span> <span class='ocrx_word' id='word_1_34' title='bbox 864 1203 956 1289; x_wconf 59' lang='lat' dir='ltr'>„sed</span> <span class='ocrx_word' id='word_1_35' title='bbox 987 1208 1025 1271; x_wconf 93' lang='lat' dir='ltr'>ut</span> <span class='ocrx_word' id='word_1_36' title='bbox 1054 1205 1095 1271; x_wconf 91' lang='lat' dir='ltr'>ad</span> <span class='ocrx_word' id='word_1_37' title='bbox 1128 1207 1330 1290; x_wconf 91' lang='lat' dir='ltr'>propositum</span> <span class='ocrx_word' id='word_1_38' title='bbox 1360 1199 1571 1291; x_wconf 84' lang='lat' dir='ltr'>reuertamur,</span> 
     </span>
     <span class='ocr_line' id='line_1_6' title="bbox 337 1304 1613 1392; baseline 0.006 -22"><span class='ocrx_word' id='word_1_39' title='bbox 337 1304 525 1370; x_wconf 89' lang='lat' dir='ltr'>nauicularii</span> <span class='ocrx_word' id='word_1_40' title='bbox 547 1322 605 1388; x_wconf 92' lang='lat' dir='ltr'>spe</span> <span class='ocrx_word' id='word_1_41' title='bbox 627 1304 767 1388; x_wconf 83' lang='lat' dir='ltr'>praedae</span> <span class='ocrx_word' id='word_1_42' title='bbox 789 1304 927 1388; x_wconf 91' lang='lat' dir='ltr'>inducti,</span> <span class='ocrx_word' id='word_1_43' title='bbox 948 1324 1063 1372; x_wconf 90' lang='lat' dir='ltr'>nauem</span> <span class='ocrx_word' id='word_1_44' title='bbox 1085 1311 1233 1375; x_wconf 86' lang='lat' dir='ltr'>auertere</span> <span class='ocrx_word' id='word_1_45' title='bbox 1254 1309 1430 1380; x_wconf 85' lang='lat' dir='ltr'>uoluerunt</span> <span class='ocrx_word' id='word_1_46' title='bbox 1451 1357 1459 1374; x_wconf 91' lang='lat'><strong>.</strong></span> <span class='ocrx_word' id='word_1_47' title='bbox 1482 1310 1570 1392; x_wconf 86' lang='lat' dir='ltr'>quod</span> <span class='ocrx_word' id='word_1_48' title='bbox 1592 1311 1613 1378; x_wconf 81' lang='lat'>5</span> 
     </span>
     <span class='ocr_line' id='line_1_7' title="bbox 336 1405 1571 1493; baseline 0.006 -23"><span class='ocrx_word' id='word_1_49' title='bbox 336 1405 434 1474; x_wconf 88' lang='lat' dir='ltr'>Liber</span> <span class='ocrx_word' id='word_1_50' title='bbox 456 1406 648 1489; x_wconf 89' lang='lat' dir='ltr'>suspicatus,</span> <span class='ocrx_word' id='word_1_51' title='bbox 670 1405 802 1472; x_wconf 81' lang='lat' dir='ltr'>comites</span> <span class='ocrx_word' id='word_1_52' title='bbox 824 1424 900 1473; x_wconf 91' lang='lat' dir='ltr'>suos</span> <span class='ocrx_word' id='word_1_53' title='bbox 921 1407 1013 1472; x_wconf 87' lang='lat' dir='ltr'>iubet</span> <span class='ocrx_word' id='word_1_54' title='bbox 1034 1407 1254 1490; x_wconf 79' lang='lat' dir='ltr'><strong>symphoniam</strong></span> <span class='ocrx_word' id='word_1_55' title='bbox 1277 1427 1407 1493; x_wconf 82' lang='lat' dir='ltr'>canere3</span> <span class='ocrx_word' id='word_1_56' title='bbox 1433 1428 1497 1493; x_wconf 89' lang='lat' dir='ltr'>quo</span> <span class='ocrx_word' id='word_1_57' title='bbox 1520 1427 1571 1477; x_wconf 92' lang='lat' dir='ltr'>so-</span> 
     </span>
     <span class='ocr_line' id='line_1_8' title="bbox 339 1506 1570 1596; baseline 0.004 -24"><span class='ocrx_word' id='word_1_58' title='bbox 339 1506 410 1574; x_wconf 89' lang='lat' dir='ltr'>nitu</span> <span class='ocrx_word' id='word_1_59' title='bbox 431 1507 577 1596; x_wconf 89' lang='lat' dir='ltr'>inaudito</span> <span class='ocrx_word' id='word_1_60' title='bbox 601 1506 757 1592; x_wconf 80' lang='lat' dir='ltr'>Tyrrheni</span> <span class='ocrx_word' id='word_1_61' title='bbox 780 1526 850 1575; x_wconf 90' lang='lat' dir='ltr'>cum</span> <span class='ocrx_word' id='word_1_62' title='bbox 882 1527 984 1593; x_wconf 90' lang='lat' dir='ltr'>usque</span> <span class='ocrx_word' id='word_1_63' title='bbox 1015 1508 1096 1575; x_wconf 90' lang='lat' dir='ltr'>adeo</span> <span class='ocrx_word' id='word_1_64' title='bbox 1125 1508 1375 1593; x_wconf 75' lang='lat' dir='ltr'>delectarentur,</span> <span class='ocrx_word' id='word_1_65' title='bbox 1405 1514 1443 1577; x_wconf 92' lang='lat' dir='ltr'>ut</span> <span class='ocrx_word' id='word_1_66' title='bbox 1473 1511 1570 1578; x_wconf 87' lang='lat' dir='ltr'>etiam</span> 
     </span>
     <span class='ocr_line' id='line_1_9' title="bbox 335 1611 1571 1699; baseline 0.005 -23"><span class='ocrx_word' id='word_1_67' title='bbox 335 1611 369 1677; x_wconf 89' lang='lat' dir='ltr'>in</span> <span class='ocrx_word' id='word_1_68' title='bbox 391 1611 618 1679; x_wconf 84' lang='lat' dir='ltr'>saltationibus</span> <span class='ocrx_word' id='word_1_69' title='bbox 640 1615 747 1679; x_wconf 91' lang='lat' dir='ltr'>essent</span> <span class='ocrx_word' id='word_1_70' title='bbox 769 1612 916 1695; x_wconf 89' lang='lat' dir='ltr'>occupati</span> <span class='ocrx_word' id='word_1_71' title='bbox 938 1611 1126 1696; x_wconf 89' lang='lat' dir='ltr'>cupiditate,</span> <span class='ocrx_word' id='word_1_72' title='bbox 1153 1631 1189 1680; x_wconf 90' lang='lat' dir='ltr'>se</span> <span class='ocrx_word' id='word_1_73' title='bbox 1211 1613 1244 1679; x_wconf 91' lang='lat' dir='ltr'>in</span> <span class='ocrx_word' id='word_1_74' title='bbox 1266 1615 1361 1686; x_wconf 76' lang='lat' dir='ltr'>[mare</span> <span class='ocrx_word' id='word_1_75' title='bbox 1382 1611 1474 1681; x_wconf 90' lang='lat' dir='ltr'>inscii</span> <span class='ocrx_word' id='word_1_76' title='bbox 1496 1633 1571 1699; x_wconf 89' lang='lat' dir='ltr'>pro·</span> 
     </span>
     <span class='ocr_line' id='line_1_10' title="bbox 337 1713 1571 1800; baseline 0.003 -21"><span class='ocrx_word' id='word_1_77' title='bbox 337 1714 483 1780; x_wconf 89' lang='lat' dir='ltr'>iecerunt</span> <span class='ocrx_word' id='word_1_78' title='bbox 514 1719 547 1780; x_wconf 93' lang='grc' dir='ltr'>ιι</span> <span class='ocrx_word' id='word_1_79' title='bbox 577 1713 621 1780; x_wconf 91' lang='lat' dir='ltr'>ibi</span> <span class='ocrx_word' id='word_1_80' title='bbox 654 1713 797 1798; x_wconf 91' lang='lat' dir='ltr'>delphini</span> <span class='ocrx_word' id='word_1_81' title='bbox 827 1720 904 1781; x_wconf 93' lang='lat' dir='ltr'>sunt</span> <span class='ocrx_word' id='word_1_82' title='bbox 933 1713 1010 1781; x_wconf 88' lang='lat' dir='ltr'>lacti</span> <span class='ocrx_word' id='word_1_83' title='bbox 1036 1762 1045 1779; x_wconf 88' lang='lat'><strong>.</strong></span> <span class='ocrx_word' id='word_1_84' title='bbox 1073 1733 1210 1798; x_wconf 89' lang='lat' dir='ltr'>quorum</span> <span class='ocrx_word' id='word_1_85' title='bbox 1240 1716 1466 1800; x_wconf 84' lang='lat' dir='ltr'>cogitationem</span> <span class='ocrx_word' id='word_1_86' title='bbox 1498 1736 1571 1784; x_wconf 92' lang='lat' dir='ltr'>cnm</span> 
     </span>
     <span class='ocr_line' id='line_1_11' title="bbox 336 1814 1632 1900; baseline 0.005 -20"><span class='ocrx_word' id='word_1_87' title='bbox 336 1814 435 1880; x_wconf 89' lang='lat' dir='ltr'>Liber</span> <span class='ocrx_word' id='word_1_88' title='bbox 456 1816 629 1881; x_wconf 87' lang='lat' dir='ltr'>memoriae</span> <span class='ocrx_word' id='word_1_89' title='bbox 650 1815 815 1881; x_wconf 92' lang='lat' dir='ltr'>hominum</span> <span class='ocrx_word' id='word_1_90' title='bbox 845 1817 975 1882; x_wconf 91' lang='lat' dir='ltr'>tradere</span> <span class='ocrx_word' id='word_1_91' title='bbox 996 1815 1166 1899; x_wconf 89' lang='lat' dir='ltr'>uoluisset,</span> <span class='ocrx_word' id='word_1_92' title='bbox 1197 1816 1292 1883; x_wconf 91' lang='lat' dir='ltr'>unius</span> <span class='ocrx_word' id='word_1_93' title='bbox 1322 1817 1460 1900; x_wconf 84' lang='lat' dir='ltr'>effigiem</span> <span class='ocrx_word' id='word_1_94' title='bbox 1486 1817 1571 1884; x_wconf 90' lang='lat' dir='ltr'>inter</span> <span class='ocrx_word' id='word_1_95' title='bbox 1590 1821 1632 1886; x_wconf 92' lang='lat'>10</span> 
     </span>
     <span class='ocr_line' id='line_1_12' title="bbox 337 1915 1570 2001; baseline 0.004 -21"><span class='ocrx_word' id='word_1_96' title='bbox 337 1915 444 1982; x_wconf 89' lang='lat' dir='ltr'>sidera</span> <span class='ocrx_word' id='word_1_97' title='bbox 467 1916 637 1982; x_wconf 89' lang='lat' dir='ltr'>collooauit</span> <span class='ocrx_word' id='word_1_98' title='bbox 654 1963 662 1978; x_wconf 93' lang='lat'><strong>.</strong></span> <span class='ocrx_word' id='word_1_99' title='bbox 679 1915 735 1981; x_wconf 89' lang='lat' dir='ltr'>alii</span> <span class='ocrx_word' id='word_1_100' title='bbox 753 1921 860 1982; x_wconf 89' lang='lat' dir='ltr'>autem</span> <span class='ocrx_word' id='word_1_101' title='bbox 879 1915 990 1982; x_wconf 90' lang='lat' dir='ltr'>dicunt</span> <span class='ocrx_word' id='word_1_102' title='bbox 1006 1916 1091 1983; x_wconf 91' lang='lat' dir='ltr'>hunc</span> <span class='ocrx_word' id='word_1_103' title='bbox 1109 1935 1180 1986; x_wconf 90' lang='lat' dir='ltr'>esse</span> <span class='ocrx_word' id='word_1_104' title='bbox 1199 1918 1360 2001; x_wconf 90' lang='lat' dir='ltr'>delphina,</span> <span class='ocrx_word' id='word_1_105' title='bbox 1377 1918 1431 2001; x_wconf 89' lang='lat' dir='ltr'>qni</span> <span class='ocrx_word' id='word_1_106' title='bbox 1450 1917 1570 1985; x_wconf 87' lang='lat' dir='ltr'>hriona</span> 
     </span>
     <span class='ocr_line' id='line_1_13' title="bbox 336 2017 1570 2104; baseline 0.004 -21"><span class='ocrx_word' id='word_1_107' title='bbox 336 2017 556 2084; x_wconf 88' lang='lat' dir='ltr'>citharoedum</span> <span class='ocrx_word' id='word_1_108' title='bbox 583 2037 622 2084; x_wconf 86' lang='lat' dir='ltr'>ex</span> <span class='ocrx_word' id='word_1_109' title='bbox 648 2017 756 2085; x_wconf 86' lang='lat' dir='ltr'>Siculo</span> <span class='ocrx_word' id='word_1_110' title='bbox 778 2017 860 2085; x_wconf 90' lang='lat' dir='ltr'>mari</span> <span class='ocrx_word' id='word_1_111' title='bbox 879 2019 1060 2085; x_wconf 86' lang='lat' dir='ltr'>Taenarum</span> <span class='ocrx_word' id='word_1_112' title='bbox 1081 2020 1224 2086; x_wconf 82' lang='lat' dir='ltr'>trauexit</span> <span class='ocrx_word' id='word_1_113' title='bbox 1245 2068 1253 2085; x_wconf 91' lang='lat'><strong>.</strong></span> <span class='ocrx_word' id='word_1_114' title='bbox 1274 2021 1330 2104; x_wconf 88' lang='lat' dir='ltr'>qui</span> <span class='ocrx_word' id='word_1_115' title='bbox 1351 2040 1423 2088; x_wconf 92' lang='lat' dir='ltr'>cum</span> <span class='ocrx_word' id='word_1_116' title='bbox 1445 2026 1570 2088; x_wconf 90' lang='lat' dir='ltr'>ceteros</span> 
     </span>
     <span class='ocr_line' id='line_1_14' title="bbox 336 2117 1571 2207; baseline 0.003 -23"><span class='ocrx_word' id='word_1_117' title='bbox 336 2117 473 2185; x_wconf 88' lang='lat' dir='ltr'>artificio</span> <span class='ocrx_word' id='word_1_118' title='bbox 495 2125 678 2203; x_wconf 81' lang='lat' dir='ltr'>praestaret</span> <span class='ocrx_word' id='word_1_119' title='bbox 709 2125 743 2187; x_wconf 91' lang='lat' dir='ltr'>et</span> <span class='ocrx_word' id='word_1_120' title='bbox 773 2119 891 2188; x_wconf 90' lang='lat' dir='ltr'>circum</span> <span class='ocrx_word' id='word_1_121' title='bbox 922 2120 1043 2188; x_wconf 88' lang='lat' dir='ltr'>insulas</span> <span class='ocrx_word' id='word_1_122' title='bbox 1075 2127 1229 2205; x_wconf 75' lang='lat' dir='ltr'>quaemus</span> <span class='ocrx_word' id='word_1_123' title='bbox 1260 2141 1357 2190; x_wconf 89' lang='lat' dir='ltr'>causa</span> <span class='ocrx_word' id='word_1_124' title='bbox 1387 2127 1571 2207; x_wconf 82' lang='lat' dir='ltr'>negaretur,</span> 
     </span>
     <span class='ocr_line' id='line_1_15' title="bbox 336 2221 1570 2310; baseline 0.004 -24"><span class='ocrx_word' id='word_1_125' title='bbox 336 2221 458 2287; x_wconf 90' lang='lat' dir='ltr'>serunli</span> <span class='ocrx_word' id='word_1_126' title='bbox 481 2221 550 2288; x_wconf 90' lang='lat' dir='ltr'>eius</span> <span class='ocrx_word' id='word_1_127' title='bbox 572 2221 721 2288; x_wconf 87' lang='lat' dir='ltr'>arbitrati</span> <span class='ocrx_word' id='word_1_128' title='bbox 744 2223 818 2306; x_wconf 89' lang='lat' dir='ltr'>plus</span> <span class='ocrx_word' id='word_1_129' title='bbox 839 2223 873 2288; x_wconf 96' lang='lat' dir='ltr'>in</span> <span class='ocrx_word' id='word_1_130' title='bbox 895 2222 1067 2307; x_wconf 90' lang='lat' dir='ltr'>perfidiosa</span> <span class='ocrx_word' id='word_1_131' title='bbox 1089 2223 1239 2292; x_wconf 87' lang='lat' dir='ltr'>libertate</span> <span class='ocrx_word' id='word_1_132' title='bbox 1271 2225 1444 2306; x_wconf 90' lang='lat' dir='ltr'>commodi,</span> <span class='ocrx_word' id='word_1_133' title='bbox 1473 2243 1570 2310; x_wconf 85' lang='lat' dir='ltr'>quam</span> 
     </span>
     <span class='ocr_line' id='line_1_16' title="bbox 338 2322 1630 2412; baseline 0.004 -24"><span class='ocrx_word' id='word_1_134' title='bbox 338 2322 371 2388; x_wconf 94' lang='lat' dir='ltr'>in</span> <span class='ocrx_word' id='word_1_135' title='bbox 394 2322 521 2407; x_wconf 91' lang='lat' dir='ltr'>placida</span> <span class='ocrx_word' id='word_1_136' title='bbox 542 2322 700 2390; x_wconf 88' lang='lat' dir='ltr'>seruitute</span> <span class='ocrx_word' id='word_1_137' title='bbox 719 2341 799 2406; x_wconf 89' lang='lat' dir='ltr'>esse,</span> <span class='ocrx_word' id='word_1_138' title='bbox 816 2324 959 2408; x_wconf 80' lang='lat' dir='ltr'>cogitare</span> <span class='ocrx_word' id='word_1_139' title='bbox 978 2331 1162 2409; x_wconf 88' lang='lat' dir='ltr'>coeperunt,</span> <span class='ocrx_word' id='word_1_140' title='bbox 1183 2333 1221 2394; x_wconf 93' lang='grc' dir='ltr'>ιιι</span> <span class='ocrx_word' id='word_1_141' title='bbox 1238 2327 1366 2394; x_wconf 92' lang='lat' dir='ltr'>domino</span> <span class='ocrx_word' id='word_1_142' title='bbox 1385 2328 1416 2394; x_wconf 92' lang='lat' dir='ltr'>in</span> <span class='ocrx_word' id='word_1_143' title='bbox 1435 2329 1569 2412; x_wconf 83' lang='lat' dir='ltr'>pelagus</span> <span class='ocrx_word' id='word_1_144' title='bbox 1589 2328 1630 2394; x_wconf 87' lang='lat' dir='ltr'>lb</span> 
     </span>
     <span class='ocr_line' id='line_1_17' title="bbox 337 2426 1571 2512; baseline 0.006 -22"><span class='ocrx_word' id='word_1_145' title='bbox 337 2426 498 2509; x_wconf 89' lang='lat' dir='ltr'>proiecto,</span> <span class='ocrx_word' id='word_1_146' title='bbox 529 2426 613 2493; x_wconf 90' lang='lat' dir='ltr'>bona</span> <span class='ocrx_word' id='word_1_147' title='bbox 644 2427 713 2493; x_wconf 89' lang='lat' dir='ltr'>eius</span> <span class='ocrx_word' id='word_1_148' title='bbox 744 2427 829 2493; x_wconf 89' lang='lat' dir='ltr'>inter</span> <span class='ocrx_word' id='word_1_149' title='bbox 850 2444 886 2494; x_wconf 91' lang='lat' dir='ltr'>se</span> <span class='ocrx_word' id='word_1_150' title='bbox 906 2429 1106 2510; x_wconf 86' lang='lat' dir='ltr'>partirentur</span> <span class='ocrx_word' id='word_1_151' title='bbox 1127 2475 1135 2492; x_wconf 90' lang='lat'><strong>.</strong></span> <span class='ocrx_word' id='word_1_152' title='bbox 1157 2429 1213 2511; x_wconf 87' lang='lat' dir='ltr'>qui</span> <span class='ocrx_word' id='word_1_153' title='bbox 1239 2448 1310 2495; x_wconf 90' lang='lat' dir='ltr'>cum</span> <span class='ocrx_word' id='word_1_154' title='bbox 1344 2430 1571 2512; x_wconf 84' lang='lat' dir='ltr'>cogitationem</span> 
     </span>
     <span class='ocr_line' id='line_1_18' title="bbox 334 2527 1574 2612; baseline 0.002 -18"><span class='ocrx_word' id='word_1_155' title='bbox 334 2547 445 2594; x_wconf 92' lang='lat' dir='ltr'>eorum</span> <span class='ocrx_word' id='word_1_156' title='bbox 468 2527 635 2610; x_wconf 75' lang='lat' dir='ltr'>sensisset,</span> <span class='ocrx_word' id='word_1_157' title='bbox 664 2528 772 2610; x_wconf 92' lang='lat' dir='ltr'>petiit,</span> <span class='ocrx_word' id='word_1_158' title='bbox 803 2547 867 2594; x_wconf 93' lang='lat' dir='ltr'>non</span> <span class='ocrx_word' id='word_1_159' title='bbox 899 2533 936 2594; x_wconf 91' lang='lat' dir='ltr'>ut</span> <span class='ocrx_word' id='word_1_160' title='bbox 963 2528 1110 2595; x_wconf 90' lang='lat' dir='ltr'>dominus</span> <span class='ocrx_word' id='word_1_161' title='bbox 1133 2548 1153 2594; x_wconf 97' lang='lat' dir='ltr'>a</span> <span class='ocrx_word' id='word_1_162' title='bbox 1174 2529 1278 2595; x_wconf 90' lang='lat' dir='ltr'>seruis</span> <span class='ocrx_word' id='word_1_163' title='bbox 1300 2534 1334 2596; x_wconf 94' lang='lat' dir='ltr'>et</span> <span class='ocrx_word' id='word_1_164' title='bbox 1355 2527 1506 2596; x_wconf 91' lang='lat' dir='ltr'>innocens</span> <span class='ocrx_word' id='word_1_165' title='bbox 1528 2529 1574 2612; x_wconf 42' lang='lat' dir='ltr'>ab,</span> 
     </span>
     <span class='ocr_line' id='line_1_19' title="bbox 334 2629 1570 2716; baseline 0.004 -23"><span class='ocrx_word' id='word_1_166' title='bbox 334 2629 503 2712; x_wconf 87' lang='lat' dir='ltr'>improbis,</span> <span class='ocrx_word' id='word_1_167' title='bbox 533 2630 590 2695; x_wconf 90' lang='lat' dir='ltr'>sed</span> <span class='ocrx_word' id='word_1_168' title='bbox 612 2633 650 2695; x_wconf 91' lang='lat' dir='ltr'>ut</span> <span class='ocrx_word' id='word_1_169' title='bbox 671 2646 789 2711; x_wconf 91' lang='lat' dir='ltr'>parens</span> <span class='ocrx_word' id='word_1_170' title='bbox 811 2648 831 2694; x_wconf 91' lang='lat' dir='ltr'>a</span> <span class='ocrx_word' id='word_1_171' title='bbox 853 2629 940 2710; x_wconf 87' lang='lat' dir='ltr'>liliis,</span> <span class='ocrx_word' id='word_1_172' title='bbox 970 2634 1007 2695; x_wconf 90' lang='lat' dir='ltr'>ut</span> <span class='ocrx_word' id='word_1_173' title='bbox 1028 2648 1063 2697; x_wconf 91' lang='lat' dir='ltr'>se</span> <span class='ocrx_word' id='word_1_174' title='bbox 1085 2630 1198 2697; x_wconf 90' lang='lat' dir='ltr'>liceret</span> <span class='ocrx_word' id='word_1_175' title='bbox 1219 2650 1348 2715; x_wconf 88' lang='lat' dir='ltr'>ornare,</span> <span class='ocrx_word' id='word_1_176' title='bbox 1381 2651 1446 2715; x_wconf 88' lang='lat' dir='ltr'>qna</span> <span class='ocrx_word' id='word_1_177' title='bbox 1472 2649 1570 2716; x_wconf 88' lang='lat' dir='ltr'>saepe</span> 
     </span>
     <span class='ocr_line' id='line_1_20' title="bbox 336 2731 1570 2818; baseline 0.004 -23"><span class='ocrx_word' id='word_1_178' title='bbox 336 2731 459 2797; x_wconf 87' lang='lat' dir='ltr'>uicerat</span> <span class='ocrx_word' id='word_1_179' title='bbox 480 2736 581 2811; x_wconf 90' lang='lat' dir='ltr'>ucstc,</span> <span class='ocrx_word' id='word_1_180' title='bbox 603 2731 754 2813; x_wconf 84' lang='lat' dir='ltr'>qnorriam</span> <span class='ocrx_word' id='word_1_181' title='bbox 778 2750 871 2798; x_wconf 91' lang='lat' dir='ltr'>nomo</span> <span class='ocrx_word' id='word_1_182' title='bbox 895 2737 981 2799; x_wconf 88' lang='lat' dir='ltr'>essct</span> <span class='ocrx_word' id='word_1_183' title='bbox 1001 2731 1093 2814; x_wconf 90' lang='lat' dir='ltr'>alins,</span> <span class='ocrx_word' id='word_1_184' title='bbox 1115 2733 1170 2817; x_wconf 90' lang='lat' dir='ltr'>qui</span> <span class='ocrx_word' id='word_1_185' title='bbox 1192 2737 1229 2800; x_wconf 93' lang='lat' dir='ltr'>ut</span> <span class='ocrx_word' id='word_1_186' title='bbox 1250 2734 1319 2818; x_wconf 91' lang='lat' dir='ltr'>ipse</span> <span class='ocrx_word' id='word_1_187' title='bbox 1342 2753 1435 2801; x_wconf 91' lang='lat' dir='ltr'>snum</span> <span class='ocrx_word' id='word_1_188' title='bbox 1453 2738 1570 2818; x_wconf 89' lang='lat' dir='ltr'>questu</span> 
     </span>
     <span class='ocr_line' id='line_1_21' title="bbox 336 2833 1631 2920; baseline 0.003 -21"><span class='ocrx_word' id='word_1_189' title='bbox 336 2837 588 2916; x_wconf 86' lang='lat' dir='ltr'>prosequeretur</span> <span class='ocrx_word' id='word_1_190' title='bbox 619 2835 769 2900; x_wconf 88' lang='lat' dir='ltr'>euentum</span> <span class='ocrx_word' id='word_1_191' title='bbox 792 2881 800 2897; x_wconf 86' lang='lat'><strong>.</strong></span> <span class='ocrx_word' id='word_1_192' title='bbox 822 2833 909 2916; x_wconf 86' lang='lat' dir='ltr'>quod</span> <span class='ocrx_word' id='word_1_193' title='bbox 941 2852 1012 2900; x_wconf 90' lang='lat' dir='ltr'>cum</span> <span class='ocrx_word' id='word_1_194' title='bbox 1041 2834 1249 2919; x_wconf 88' lang='lat' dir='ltr'>inpetrasset,</span> <span class='ocrx_word' id='word_1_195' title='bbox 1279 2836 1403 2903; x_wconf 87' lang='lat' dir='ltr'>cithara</span> <span class='ocrx_word' id='word_1_196' title='bbox 1433 2840 1570 2920; x_wconf 81' lang='lat' dir='ltr'>sumpta,</span> <span class='ocrx_word' id='word_1_197' title='bbox 1588 2837 1631 2903; x_wconf 81' lang='lat'>20</span> 
     </span>
     <span class='ocr_line' id='line_1_22' title="bbox 339 2933 1569 3021; baseline 0.004 -23"><span class='ocrx_word' id='word_1_198' title='bbox 339 2953 430 2999; x_wconf 86' lang='lat' dir='ltr'>snam</span> <span class='ocrx_word' id='word_1_199' title='bbox 453 2933 560 3017; x_wconf 89' lang='lat' dir='ltr'>coepit</span> <span class='ocrx_word' id='word_1_200' title='bbox 582 2933 705 3000; x_wconf 79' lang='lat' dir='ltr'>(lettere</span> <span class='ocrx_word' id='word_1_201' title='bbox 727 2939 876 3020; x_wconf 82' lang='lat' dir='ltr'>mortem3</span> <span class='ocrx_word' id='word_1_202' title='bbox 908 2953 971 3016; x_wconf 91' lang='lat' dir='ltr'>quo</span> <span class='ocrx_word' id='word_1_203' title='bbox 1002 2936 1109 3002; x_wconf 90' lang='lat' dir='ltr'>sonitu</span> <span class='ocrx_word' id='word_1_204' title='bbox 1141 2937 1230 3004; x_wconf 90' lang='lat' dir='ltr'>ducti</span> <span class='ocrx_word' id='word_1_205' title='bbox 1262 2938 1429 3021; x_wconf 91' lang='lat' dir='ltr'>delphines</span> <span class='ocrx_word' id='word_1_206' title='bbox 1459 2942 1569 3004; x_wconf 94' lang='lat' dir='ltr'>etoto</span> 
     </span>
     <span class='ocr_line' id='line_1_23' title="bbox 342 3035 1569 3120; baseline 0.001 -18"><span class='ocrx_word' id='word_1_207' title='bbox 342 3036 423 3103; x_wconf 85' lang='lat' dir='ltr'>mmi</span> <span class='ocrx_word' id='word_1_208' title='bbox 445 3040 621 3119; x_wconf 89' lang='lat' dir='ltr'>pronatant</span> <span class='ocrx_word' id='word_1_209' title='bbox 650 3036 692 3102; x_wconf 87' lang='lat' dir='ltr'>od</span> <span class='ocrx_word' id='word_1_210' title='bbox 715 3035 844 3103; x_wconf 88' lang='lat' dir='ltr'>hrionis</span> <span class='ocrx_word' id='word_1_211' title='bbox 871 3041 1000 3103; x_wconf 91' lang='lat' dir='ltr'>cantum</span> <span class='ocrx_word' id='word_1_212' title='bbox 1022 3085 1029 3100; x_wconf 89' lang='lat'><strong>.</strong></span> <span class='ocrx_word' id='word_1_213' title='bbox 1051 3038 1161 3120; x_wconf 89' lang='lat' dir='ltr'>itaque</span> <span class='ocrx_word' id='word_1_214' title='bbox 1187 3039 1321 3105; x_wconf 89' lang='lat' dir='ltr'>deorum</span> <span class='ocrx_word' id='word_1_215' title='bbox 1352 3039 1569 3106; x_wconf 89' lang='lat' dir='ltr'>inmortalium</span> 
     </span>
     <span class='ocr_line' id='line_1_24' title="bbox 336 3138 1569 3224; baseline 0.003 -20"><span class='ocrx_word' id='word_1_216' title='bbox 336 3143 499 3222; x_wconf 89' lang='lat' dir='ltr'>potestate</span> <span class='ocrx_word' id='word_1_217' title='bbox 529 3138 693 3221; x_wconf 84' lang='lat' dir='ltr'>inuocato,</span> <span class='ocrx_word' id='word_1_218' title='bbox 724 3157 822 3221; x_wconf 89' lang='lat' dir='ltr'>super</span> <span class='ocrx_word' id='word_1_219' title='bbox 853 3156 908 3205; x_wconf 88' lang='lat' dir='ltr'>eos</span> <span class='ocrx_word' id='word_1_220' title='bbox 940 3157 974 3205; x_wconf 84' lang='lat' dir='ltr'>re</span> <span class='ocrx_word' id='word_1_221' title='bbox 1007 3139 1136 3224; x_wconf 70' lang='lat' dir='ltr'>deiecta</span> <span class='ocrx_word' id='word_1_222' title='bbox 1167 3159 1303 3223; x_wconf 90' lang='lat' dir='ltr'>quorum</span> <span class='ocrx_word' id='word_1_223' title='bbox 1334 3159 1417 3207; x_wconf 91' lang='lat' dir='ltr'>unns</span> <span class='ocrx_word' id='word_1_224' title='bbox 1447 3141 1569 3209; x_wconf 84' lang='lat' dir='ltr'>Ariona</span> 
     </span>
     <span class='ocr_line' id='line_1_25' title="bbox 336 3241 1567 3328; baseline 0.003 -22"><span class='ocrx_word' id='word_1_225' title='bbox 336 3245 504 3324; x_wconf 87' lang='lat' dir='ltr'>exceptum</span> <span class='ocrx_word' id='word_1_226' title='bbox 522 3241 656 3324; x_wconf 91' lang='lat' dir='ltr'>pertulit</span> <span class='ocrx_word' id='word_1_227' title='bbox 673 3241 715 3307; x_wconf 91' lang='lat' dir='ltr'>ad</span> <span class='ocrx_word' id='word_1_228' title='bbox 731 3241 923 3308; x_wconf 87' lang='lat' dir='ltr'>Taenarium</span> <span class='ocrx_word' id='word_1_229' title='bbox 946 3241 1023 3308; x_wconf 90' lang='lat' dir='ltr'>litus</span> <span class='ocrx_word' id='word_1_230' title='bbox 1041 3291 1048 3306; x_wconf 93' lang='lat'><strong>.</strong></span> <span class='ocrx_word' id='word_1_231' title='bbox 1067 3242 1158 3308; x_wconf 77' lang='lat' dir='ltr'>cuitus</span> <span class='ocrx_word' id='word_1_232' title='bbox 1176 3243 1349 3310; x_wconf 90' lang='lat' dir='ltr'>memoriae</span> <span class='ocrx_word' id='word_1_233' title='bbox 1367 3262 1464 3310; x_wconf 91' lang='lat' dir='ltr'>causa</span> <span class='ocrx_word' id='word_1_234' title='bbox 1485 3262 1567 3328; x_wconf 90' lang='lat' dir='ltr'>quae</span> 
     </span>
    </p>
   </div>
   <div class='ocr_carea' id='block_1_3' title="bbox 335 3343 1627 3434">
    <p class='ocr_par' dir='ltr' id='par_1_3' title="bbox 335 3343 1627 3434">
     <span class='ocr_line' id='line_1_26' title="bbox 335 3343 1627 3434; baseline 0.001 -23"><span class='ocrx_word' id='word_1_235' title='bbox 335 3345 380 3412; x_wconf 90' lang='lat' dir='ltr'>ibi</span> <span class='ocrx_word' id='word_1_236' title='bbox 401 3349 509 3413; x_wconf 80' lang='lat' dir='ltr'>statua</span> <span class='ocrx_word' id='word_1_237' title='bbox 531 3350 654 3413; x_wconf 89' lang='lat' dir='ltr'>statuta</span> <span class='ocrx_word' id='word_1_238' title='bbox 676 3349 726 3414; x_wconf 89' lang='lat' dir='ltr'>ost</span> <span class='ocrx_word' id='word_1_239' title='bbox 746 3345 889 3434; x_wconf 87' lang='lat' dir='ltr'>hriorris,</span> <span class='ocrx_word' id='word_1_240' title='bbox 919 3344 951 3413; x_wconf 92' lang='lat' dir='ltr'>in</span> <span class='ocrx_word' id='word_1_241' title='bbox 975 3366 1013 3414; x_wconf 90' lang='lat' dir='ltr'>ea</span> <span class='ocrx_word' id='word_1_242' title='bbox 1035 3345 1177 3433; x_wconf 90' lang='lat' dir='ltr'>delphini</span> <span class='ocrx_word' id='word_1_243' title='bbox 1200 3348 1404 3416; x_wconf 87' lang='lat' dir='ltr'>simulacrum</span> <span class='ocrx_word' id='word_1_244' title='bbox 1426 3345 1566 3416; x_wconf 81' lang='lat' dir='ltr'>adfixum</span> <span class='ocrx_word' id='word_1_245' title='bbox 1584 3343 1627 3412; x_wconf 79' lang='lat'>‘25</span> 
     </span>
    </p>
   </div>
   <div class='ocr_carea' id='block_1_4' title="bbox 332 3464 1565 3741">
    <p class='ocr_par' dir='ltr' id='par_1_4' title="bbox 332 3464 1565 3741">
     <span class='ocr_line' id='line_1_27' title="bbox 338 3464 1565 3577; baseline 0.004 -23"><span class='ocrx_word' id='word_1_246' title='bbox 338 3465 356 3470; x_wconf 42' lang='lat'>—</span> <span class='ocrx_word' id='word_1_247' title='bbox 365 3464 428 3554; x_wconf 38' lang='grc'>,1)</span> <span class='ocrx_word' id='word_1_248' title='bbox 433 3467 453 3557; x_wconf 79' lang='grc' dir='ltr'>Ι8</span> <span class='ocrx_word' id='word_1_249' title='bbox 462 3464 554 3556; x_wconf 86' lang='lat' dir='ltr'>nostra</span> <span class='ocrx_word' id='word_1_250' title='bbox 567 3502 574 3570; x_wconf 83' lang='grc'>1</span> <span class='ocrx_word' id='word_1_251' title='bbox 590 3499 676 3569; x_wconf 78' lang='lat' dir='ltr'>lbqai</span> <span class='ocrx_word' id='word_1_252' title='bbox 688 3516 739 3557; x_wconf 93' lang='lat' dir='ltr'>om.</span> <span class='ocrx_word' id='word_1_253' title='bbox 755 3503 761 3570; x_wconf 86' lang='grc' dir='ltr'>Ι</span> <span class='ocrx_word' id='word_1_254' title='bbox 774 3506 807 3557; x_wconf 82' lang='lat'>21</span> <span class='ocrx_word' id='word_1_255' title='bbox 817 3499 937 3571; x_wconf 90' lang='lat' dir='ltr'>delphini</span> <span class='ocrx_word' id='word_1_256' title='bbox 946 3516 975 3556; x_wconf 91' lang='lat' dir='ltr'>se</span> <span class='ocrx_word' id='word_1_257' title='bbox 984 3502 1118 3556; x_wconf 83' lang='lat' dir='ltr'>toto-G</span> <span class='ocrx_word' id='word_1_258' title='bbox 1132 3503 1249 3558; x_wconf 81' lang='lat' dir='ltr'>bnauim</span> <span class='ocrx_word' id='word_1_259' title='bbox 1263 3505 1269 3573; x_wconf 82' lang='grc' dir='ltr'>Ι</span> <span class='ocrx_word' id='word_1_260' title='bbox 1283 3503 1336 3560; x_wconf 77' lang='lat' dir='ltr'>ltin</span> <span class='ocrx_word' id='word_1_261' title='bbox 1345 3519 1396 3560; x_wconf 92' lang='lat' dir='ltr'>om.</span> <span class='ocrx_word' id='word_1_262' title='bbox 1412 3503 1418 3572; x_wconf 85' lang='grc' dir='ltr'>Ι</span> <span class='ocrx_word' id='word_1_263' title='bbox 1432 3503 1565 3577; x_wconf 71' lang='lat' dir='ltr'>inessent!</span> 
     </span>
     <span class='ocr_line' id='line_1_28' title="bbox 334 3583 1564 3667; baseline 0.003 -27"><span class='ocrx_word' id='word_1_264' title='bbox 334 3583 481 3667; x_wconf 79' lang='lat' dir='ltr'>cupiditate</span> <span class='ocrx_word' id='word_1_265' title='bbox 493 3583 608 3639; x_wconf 87' lang='lat' dir='ltr'>saltandi</span> <span class='ocrx_word' id='word_1_266' title='bbox 621 3585 697 3640; x_wconf 88' lang='lat' dir='ltr'>inscii</span> <span class='ocrx_word' id='word_1_267' title='bbox 710 3585 738 3640; x_wconf 91' lang='lat' dir='ltr'>in</span> <span class='ocrx_word' id='word_1_268' title='bbox 751 3600 825 3641; x_wconf 90' lang='lat' dir='ltr'>mare</span> <span class='ocrx_word' id='word_1_269' title='bbox 838 3601 868 3641; x_wconf 91' lang='lat' dir='ltr'>se</span> <span class='ocrx_word' id='word_1_270' title='bbox 880 3601 920 3656; x_wconf 89' lang='lat' dir='ltr'>pr.</span> <span class='ocrx_word' id='word_1_271' title='bbox 935 3587 941 3653; x_wconf 83' lang='lat' dir='ltr'>l</span> <span class='ocrx_word' id='word_1_272' title='bbox 956 3590 987 3641; x_wconf 81' lang='lat'>21</span> <span class='ocrx_word' id='word_1_273' title='bbox 1002 3601 1018 3640; x_wconf 93' lang='lat' dir='ltr'>e</span> <span class='ocrx_word' id='word_1_274' title='bbox 1031 3601 1082 3640; x_wconf 89' lang='lat' dir='ltr'>om.</span> <span class='ocrx_word' id='word_1_275' title='bbox 1092 3585 1161 3641; x_wconf 89' lang='lat' dir='ltr'>—N</span> <span class='ocrx_word' id='word_1_276' title='bbox 1181 3591 1194 3643; x_wconf 97' lang='grc'>1</span> <span class='ocrx_word' id='word_1_277' title='bbox 1209 3587 1290 3643; x_wconf 91' lang='lat' dir='ltr'>etiam</span> <span class='ocrx_word' id='word_1_278' title='bbox 1303 3604 1354 3644; x_wconf 94' lang='lat' dir='ltr'>om.</span> <span class='ocrx_word' id='word_1_279' title='bbox 1369 3589 1375 3658; x_wconf 83' lang='lat' dir='ltr'>l</span> <span class='ocrx_word' id='word_1_280' title='bbox 1389 3593 1406 3643; x_wconf 81' lang='lat' dir='ltr'>t</span> <span class='ocrx_word' id='word_1_281' title='bbox 1419 3603 1504 3658; x_wconf 83' lang='lat' dir='ltr'>usqne</span> <span class='ocrx_word' id='word_1_282' title='bbox 1517 3591 1564 3659; x_wconf 78' lang='lat' dir='ltr'>eol</span> 
     </span>
     <span class='ocr_line' id='line_1_29' title="bbox 332 3667 1564 3741; baseline 0.003 -17"><span class='ocrx_word' id='word_1_283' title='bbox 332 3671 351 3724; x_wconf 91' lang='grc'>8</span> <span class='ocrx_word' id='word_1_284' title='bbox 363 3667 391 3722; x_wconf 85' lang='lat' dir='ltr'>in</span> <span class='ocrx_word' id='word_1_285' title='bbox 404 3667 592 3724; x_wconf 85' lang='lat' dir='ltr'>saltationibus</span> <span class='ocrx_word' id='word_1_286' title='bbox 609 3669 690 3724; x_wconf 89' lang='lat' dir='ltr'>etiam</span> <span class='ocrx_word' id='word_1_287' title='bbox 704 3671 710 3739; x_wconf 82' lang='grc' dir='ltr'>Ι</span> <span class='ocrx_word' id='word_1_288' title='bbox 724 3669 791 3724; x_wconf 88' lang='lat' dir='ltr'>mari</span> <span class='ocrx_word' id='word_1_289' title='bbox 806 3673 811 3739; x_wconf 91' lang='grc' dir='ltr'>Ι</span> <span class='ocrx_word' id='word_1_290' title='bbox 827 3675 858 3727; x_wconf 95' lang='grc'>11</span> <span class='ocrx_word' id='word_1_291' title='bbox 873 3670 945 3726; x_wconf 88' lang='lat' dir='ltr'>hanc</span> <span class='ocrx_word' id='word_1_292' title='bbox 957 3686 1008 3729; x_wconf 91' lang='lat' dir='ltr'>om.</span> <span class='ocrx_word' id='word_1_293' title='bbox 1022 3671 1028 3739; x_wconf 93' lang='grc'>1</span> <span class='ocrx_word' id='word_1_294' title='bbox 1045 3673 1078 3727; x_wconf 92' lang='grc'>18</span> <span class='ocrx_word' id='word_1_295' title='bbox 1090 3685 1154 3740; x_wconf 90' lang='lat' dir='ltr'>sepe</span> <span class='ocrx_word' id='word_1_296' title='bbox 1170 3671 1259 3728; x_wconf 78' lang='lat' dir='ltr'>suarm</span> <span class='ocrx_word' id='word_1_297' title='bbox 1271 3680 1347 3730; x_wconf 88' lang='lat' dir='ltr'>ueste</span> <span class='ocrx_word' id='word_1_298' title='bbox 1361 3675 1366 3741; x_wconf 93' lang='grc' dir='ltr'>Ι</span> <span class='ocrx_word' id='word_1_299' title='bbox 1381 3675 1414 3731; x_wconf 78' lang='lat'>26</span> <span class='ocrx_word' id='word_1_300' title='bbox 1428 3674 1456 3729; x_wconf 92' lang='lat' dir='ltr'>in</span> <span class='ocrx_word' id='word_1_301' title='bbox 1468 3689 1501 3730; x_wconf 89' lang='lat' dir='ltr'>ea</span> <span class='ocrx_word' id='word_1_302' title='bbox 1514 3690 1564 3731; x_wconf 92' lang='lat' dir='ltr'>om.</span> 
     </span>
    </p>
   </div>
   <div class='ocr_carea' id='block_1_5' title="bbox 334 3767 420 3776">
    <p class='ocr_par' dir='ltr' id='par_1_5' title="bbox 334 3767 420 3776">
     <span class='ocr_line' id='line_1_30' title="bbox 334 3767 420 3776; baseline 0 -1"><span class='ocrx_word' id='word_1_303' title='bbox 334 3767 420 3776; x_wconf 50' lang='grc' dir='ltr'>...αι-</span> 
     </span>
    </p>
   </div>
   <div class='ocr_carea' id='block_1_6' title="bbox 329 3805 1683 5070">
    <p class='ocr_par' dir='ltr' id='par_1_6' title="bbox 329 3805 1683 5070">
     <span class='ocr_line' id='line_1_31' title="bbox 402 3805 1566 3880; baseline 0.005 -18"><span class='ocrx_word' id='word_1_304' title='bbox 402 3812 416 3862; x_wconf 95' lang='grc'>1</span> <span class='ocrx_word' id='word_1_305' title='bbox 434 3806 472 3862; x_wconf 90' lang='grc' dir='ltr'>Μ.</span> <span class='ocrx_word' id='word_1_306' title='bbox 491 3805 559 3862; x_wconf 86' lang='lat' dir='ltr'>coni.</span> <span class='ocrx_word' id='word_1_307' title='bbox 577 3806 723 3862; x_wconf 83' lang='lat' dir='ltr'>etiamnum</span> <span class='ocrx_word' id='word_1_308' title='bbox 737 3807 742 3876; x_wconf 80' lang='grc' dir='ltr'>Ι</span> <span class='ocrx_word' id='word_1_309' title='bbox 757 3821 811 3863; x_wconf 89' lang='lat' dir='ltr'>roc.</span> <span class='ocrx_word' id='word_1_310' title='bbox 829 3806 909 3864; x_wconf 88' lang='lat' dir='ltr'>lectio</span> <span class='ocrx_word' id='word_1_311' title='bbox 926 3813 1052 3879; x_wconf 89' lang='lat' dir='ltr'>comnpta</span> <span class='ocrx_word' id='word_1_312' title='bbox 1068 3813 1122 3878; x_wconf 87' lang='lat' dir='ltr'>est,</span> <span class='ocrx_word' id='word_1_313' title='bbox 1146 3808 1190 3865; x_wconf 91' lang='lat' dir='ltr'>uel</span> <span class='ocrx_word' id='word_1_314' title='bbox 1211 3809 1290 3866; x_wconf 88' lang='lat' dir='ltr'>iniis</span> <span class='ocrx_word' id='word_1_315' title='bbox 1311 3825 1381 3880; x_wconf 85' lang='lat' dir='ltr'>quac</span> <span class='ocrx_word' id='word_1_316' title='bbox 1403 3810 1566 3868; x_wconf 89' lang='lat' dir='ltr'>antecedunt</span> 
     </span>
     <span class='ocr_line' id='line_1_32' title="bbox 339 3891 1569 3966; baseline 0.005 -19"><span class='ocrx_word' id='word_1_317' title='bbox 339 3892 380 3947; x_wconf 87' lang='lat' dir='ltr'>sic</span> <span class='ocrx_word' id='word_1_318' title='bbox 397 3898 440 3948; x_wconf 87' lang='lat' dir='ltr'>est</span> <span class='ocrx_word' id='word_1_319' title='bbox 456 3891 611 3961; x_wconf 77' lang='lat' dir='ltr'>legendnm:</span> <span class='ocrx_word' id='word_1_320' title='bbox 630 3907 648 3948; x_wconf 89' lang='lat' dir='ltr'>a</span> <span class='ocrx_word' id='word_1_321' title='bbox 664 3892 760 3961; x_wconf 84' lang='lat' dir='ltr'>quibus</span> <span class='ocrx_word' id='word_1_322' title='bbox 773 3909 886 3963; x_wconf 86' lang='lat' dir='ltr'>pueram</span> <span class='ocrx_word' id='word_1_323' title='bbox 900 3894 906 3964; x_wconf 81' lang='grc'>1</span> <span class='ocrx_word' id='word_1_324' title='bbox 920 3899 937 3950; x_wconf 75' lang='lat' dir='ltr'>h</span> <span class='ocrx_word' id='word_1_325' title='bbox 951 3898 1101 3950; x_wconf 78' lang='lat' dir='ltr'>trauectum</span> <span class='ocrx_word' id='word_1_326' title='bbox 1118 3891 1143 3948; x_wconf 90' lang='lat' dir='ltr'>D</span> <span class='ocrx_word' id='word_1_327' title='bbox 1161 3895 1234 3966; x_wconf 75' lang='lat' dir='ltr'>uulg.</span> <span class='ocrx_word' id='word_1_328' title='bbox 1252 3897 1569 3954; x_wconf 71' lang='lat' dir='ltr'>ammarummaueno</span> 
     </span>
     <span class='ocr_line' id='line_1_33' title="bbox 339 3977 1568 4052; baseline 0.005 -19"><span class='ocrx_word' id='word_1_329' title='bbox 339 3977 440 4034; x_wconf 90' lang='lat' dir='ltr'>dictum</span> <span class='ocrx_word' id='word_1_330' title='bbox 457 3985 506 4049; x_wconf 78' lang='lat' dir='ltr'>est,</span> <span class='ocrx_word' id='word_1_331' title='bbox 525 3985 556 4034; x_wconf 90' lang='lat' dir='ltr'>nt</span> <span class='ocrx_word' id='word_1_332' title='bbox 573 3977 619 4034; x_wconf 91' lang='lat' dir='ltr'>alii</span> <span class='ocrx_word' id='word_1_333' title='bbox 637 3979 741 4050; x_wconf 80' lang='lat' dir='ltr'>troicis,</span> <span class='ocrx_word' id='word_1_334' title='bbox 758 3985 844 4050; x_wconf 77' lang='lat' dir='ltr'>uano,</span> <span class='ocrx_word' id='word_1_335' title='bbox 862 3980 982 4036; x_wconf 83' lang='lat' dir='ltr'>tramitte</span> <span class='ocrx_word' id='word_1_336' title='bbox 999 3978 1091 4036; x_wconf 88' lang='lat' dir='ltr'>dicant</span> <span class='ocrx_word' id='word_1_337' title='bbox 1104 3981 1109 4048; x_wconf 90' lang='grc' dir='ltr'>Ι</span> <span class='ocrx_word' id='word_1_338' title='bbox 1124 3984 1141 4037; x_wconf 85' lang='grc'>8</span> <span class='ocrx_word' id='word_1_339' title='bbox 1158 3981 1241 4036; x_wconf 86' lang='lat' dir='ltr'>nostri</span> <span class='ocrx_word' id='word_1_340' title='bbox 1258 3986 1428 4052; x_wconf 89' lang='lat' dir='ltr'>opponuntur</span> <span class='ocrx_word' id='word_1_341' title='bbox 1446 3982 1568 4052; x_wconf 80' lang='lat' dir='ltr'>Graecis3</span> 
     </span>
     <span class='ocr_line' id='line_1_34' title="bbox 334 4054 1567 4135; baseline 0.005 -16"><span class='ocrx_word' id='word_1_342' title='bbox 334 4063 369 4119; x_wconf 84' lang='lat' dir='ltr'>cl.</span> <span class='ocrx_word' id='word_1_343' title='bbox 388 4063 458 4119; x_wconf 83' lang='lat' dir='ltr'>intra</span> <span class='ocrx_word' id='word_1_344' title='bbox 476 4079 517 4134; x_wconf 90' lang='lat' dir='ltr'>cp.</span> <span class='ocrx_word' id='word_1_345' title='bbox 535 4068 576 4121; x_wconf 82' lang='lat'>21.</span> <span class='ocrx_word' id='word_1_346' title='bbox 594 4079 677 4134; x_wconf 87' lang='lat' dir='ltr'>snpra</span> <span class='ocrx_word' id='word_1_347' title='bbox 702 4080 744 4134; x_wconf 89' lang='lat' dir='ltr'>cp.</span> <span class='ocrx_word' id='word_1_348' title='bbox 764 4068 797 4120; x_wconf 88' lang='grc'>14</span> <span class='ocrx_word' id='word_1_349' title='bbox 814 4064 918 4135; x_wconf 88' lang='lat' dir='ltr'>plenius</span> <span class='ocrx_word' id='word_1_350' title='bbox 944 4065 1041 4122; x_wconf 91' lang='lat' dir='ltr'>dicitur</span> <span class='ocrx_word' id='word_1_351' title='bbox 1055 4054 1137 4135; x_wconf 86' lang='lat' dir='ltr'>‘apud</span> <span class='ocrx_word' id='word_1_352' title='bbox 1160 4072 1264 4122; x_wconf 85' lang='lat' dir='ltr'>nostros</span> <span class='ocrx_word' id='word_1_353' title='bbox 1289 4061 1440 4135; x_wconf 87' lang='lat' dir='ltr'>scriptorea&#39;</span> <span class='ocrx_word' id='word_1_354' title='bbox 1459 4067 1492 4124; x_wconf 86' lang='lat' dir='ltr'>cl.</span> <span class='ocrx_word' id='word_1_355' title='bbox 1510 4069 1567 4125; x_wconf 80' lang='lat' dir='ltr'>(lio.</span> 
     </span>
     <span class='ocr_line' id='line_1_35' title="bbox 339 4147 1683 4222; baseline 0.005 -21"><span class='ocrx_word' id='word_1_356' title='bbox 339 4148 419 4204; x_wconf 83' lang='lat' dir='ltr'>Ture.</span> <span class='ocrx_word' id='word_1_357' title='bbox 439 4152 463 4217; x_wconf 93' lang='lat'>1,</span> <span class='ocrx_word' id='word_1_358' title='bbox 482 4152 496 4204; x_wconf 93' lang='lat'>1</span> <span class='ocrx_word' id='word_1_359' title='bbox 514 4164 552 4218; x_wconf 85' lang='lat' dir='ltr'>sq.</span> <span class='ocrx_word' id='word_1_360' title='bbox 568 4151 573 4216; x_wconf 87' lang='grc' dir='ltr'>Ι</span> <span class='ocrx_word' id='word_1_361' title='bbox 588 4149 615 4204; x_wconf 91' lang='lat' dir='ltr'>in</span> <span class='ocrx_word' id='word_1_362' title='bbox 632 4165 674 4218; x_wconf 80' lang='lat' dir='ltr'>pr.</span> <span class='ocrx_word' id='word_1_363' title='bbox 691 4147 801 4205; x_wconf 86' lang='lat' dir='ltr'>deornm</span> <span class='ocrx_word' id='word_1_364' title='bbox 818 4150 836 4204; x_wconf 87' lang='lat' dir='ltr'>i.</span> <span class='ocrx_word' id='word_1_365' title='bbox 854 4163 878 4207; x_wconf 85' lang='lat' dir='ltr'>a.</span> <span class='ocrx_word' id='word_1_366' title='bbox 896 4151 924 4205; x_wconf 87' lang='lat' dir='ltr'>ln</span> <span class='ocrx_word' id='word_1_367' title='bbox 942 4150 1017 4207; x_wconf 87' lang='lat' dir='ltr'>libris</span> <span class='ocrx_word' id='word_1_368' title='bbox 1034 4150 1081 4220; x_wconf 82' lang='lat' dir='ltr'>qni</span> <span class='ocrx_word' id='word_1_369' title='bbox 1097 4150 1219 4221; x_wconf 87' lang='lat' dir='ltr'>imaripti</span> <span class='ocrx_word' id='word_1_370' title='bbox 1237 4159 1314 4208; x_wconf 89' lang='lat' dir='ltr'>erant</span> <span class='ocrx_word' id='word_1_371' title='bbox 1331 4152 1518 4222; x_wconf 75' lang='lat' dir='ltr'>Genealogiae,</span> <span class='ocrx_word' id='word_1_372' title='bbox 1535 4158 1567 4208; x_wconf 88' lang='lat' dir='ltr'>nt</span> <span class='ocrx_word' id='word_1_373' title='bbox 1681 4180 1683 4184; x_wconf 31' lang='grc' dir='ltr'><em>ν</em></span> 
     </span>
     <span class='ocr_line' id='line_1_36' title="bbox 335 4231 1566 4306; baseline 0.006 -21"><span class='ocrx_word' id='word_1_374' title='bbox 335 4233 389 4285; x_wconf 91' lang='lat' dir='ltr'>iam</span> <span class='ocrx_word' id='word_1_375' title='bbox 414 4246 497 4300; x_wconf 90' lang='lat' dir='ltr'>supra</span> <span class='ocrx_word' id='word_1_376' title='bbox 514 4231 568 4286; x_wconf 90' lang='lat' dir='ltr'>dixi</span> <span class='ocrx_word' id='word_1_377' title='bbox 586 4231 614 4287; x_wconf 89' lang='lat' dir='ltr'>in</span> <span class='ocrx_word' id='word_1_378' title='bbox 631 4232 755 4303; x_wconf 78' lang='lat' dir='ltr'>Prolegg.</span> <span class='ocrx_word' id='word_1_379' title='bbox 770 4234 776 4302; x_wconf 91' lang='grc'>1</span> <span class='ocrx_word' id='word_1_380' title='bbox 792 4232 900 4289; x_wconf 90' lang='lat' dir='ltr'>deorum</span> <span class='ocrx_word' id='word_1_381' title='bbox 918 4233 943 4288; x_wconf 92' lang='lat' dir='ltr'>D</span> <span class='ocrx_word' id='word_1_382' title='bbox 958 4233 983 4289; x_wconf 90' lang='lat' dir='ltr'>N</span> <span class='ocrx_word' id='word_1_383' title='bbox 1000 4234 1073 4304; x_wconf 77' lang='lat' dir='ltr'>nnlg.</span> <span class='ocrx_word' id='word_1_384' title='bbox 1091 4233 1201 4289; x_wconf 89' lang='lat' dir='ltr'>deorum</span> <span class='ocrx_word' id='word_1_385' title='bbox 1218 4248 1277 4291; x_wconf 85' lang='lat' dir='ltr'>ease</span> <span class='ocrx_word' id='word_1_386' title='bbox 1291 4235 1297 4302; x_wconf 89' lang='grc' dir='ltr'>Ι</span> <span class='ocrx_word' id='word_1_387' title='bbox 1311 4237 1329 4292; x_wconf 86' lang='grc'><strong>4</strong></span> <span class='ocrx_word' id='word_1_388' title='bbox 1345 4235 1432 4306; x_wconf 87' lang='lat' dir='ltr'>eonpl.</span> <span class='ocrx_word' id='word_1_389' title='bbox 1449 4237 1475 4290; x_wconf 92' lang='lat' dir='ltr'>D</span> <span class='ocrx_word' id='word_1_390' title='bbox 1493 4237 1566 4306; x_wconf 74' lang='lat' dir='ltr'>nnlg.</span> 
     </span>
     <span class='ocr_line' id='line_1_37' title="bbox 333 4315 1568 4398; baseline 0.005 -27"><span class='ocrx_word' id='word_1_391' title='bbox 333 4315 429 4398; x_wconf 79' lang='lat' dir='ltr'>compl.</span> <span class='ocrx_word' id='word_1_392' title='bbox 445 4319 450 4385; x_wconf 91' lang='grc'>1</span> <span class='ocrx_word' id='word_1_393' title='bbox 465 4320 483 4374; x_wconf 83' lang='lat' dir='ltr'>a</span> <span class='ocrx_word' id='word_1_394' title='bbox 499 4316 657 4388; x_wconf 84' lang='lat' dir='ltr'>symphonia</span> <span class='ocrx_word' id='word_1_395' title='bbox 673 4317 733 4374; x_wconf 93' lang='lat' dir='ltr'>DN</span> <span class='ocrx_word' id='word_1_396' title='bbox 747 4318 753 4388; x_wconf 89' lang='grc' dir='ltr'>Ι</span> <span class='ocrx_word' id='word_1_397' title='bbox 768 4321 785 4375; x_wconf 91' lang='grc'>8</span> <span class='ocrx_word' id='word_1_398' title='bbox 802 4333 862 4388; x_wconf 86' lang='lat' dir='ltr'>cup.</span> <span class='ocrx_word' id='word_1_399' title='bbox 879 4316 904 4373; x_wconf 92' lang='lat' dir='ltr'>D</span> <span class='ocrx_word' id='word_1_400' title='bbox 917 4317 943 4374; x_wconf 89' lang='lat' dir='ltr'>N</span> <span class='ocrx_word' id='word_1_401' title='bbox 960 4318 1033 4390; x_wconf 79' lang='lat' dir='ltr'>uulg.</span> <span class='ocrx_word' id='word_1_402' title='bbox 1051 4318 1197 4390; x_wconf 84' lang='lat' dir='ltr'>cupiditate</span> <span class='ocrx_word' id='word_1_403' title='bbox 1215 4318 1331 4376; x_wconf 87' lang='lat' dir='ltr'>saltandi</span> <span class='ocrx_word' id='word_1_404' title='bbox 1345 4321 1350 4392; x_wconf 89' lang='grc' dir='ltr'>Ι</span> <span class='ocrx_word' id='word_1_405' title='bbox 1365 4319 1429 4376; x_wconf 87' lang='lat' dir='ltr'>inse.</span> <span class='ocrx_word' id='word_1_406' title='bbox 1447 4335 1488 4391; x_wconf 89' lang='lat' dir='ltr'>pr.</span> <span class='ocrx_word' id='word_1_407' title='bbox 1506 4320 1568 4377; x_wconf 96' lang='lat' dir='ltr'>DN</span> 
     </span>
     <span class='ocr_line' id='line_1_38' title="bbox 334 4403 1567 4479; baseline 0.004 -21"><span class='ocrx_word' id='word_1_408' title='bbox 334 4403 407 4473; x_wconf 82' lang='lat' dir='ltr'>unlg.</span> <span class='ocrx_word' id='word_1_409' title='bbox 421 4419 461 4473; x_wconf 89' lang='lat' dir='ltr'>pr.</span> <span class='ocrx_word' id='word_1_410' title='bbox 476 4403 553 4460; x_wconf 88' lang='lat' dir='ltr'>inscii</span> <span class='ocrx_word' id='word_1_411' title='bbox 568 4403 574 4474; x_wconf 81' lang='grc' dir='ltr'>Ι</span> <span class='ocrx_word' id='word_1_412' title='bbox 590 4409 620 4460; x_wconf 94' lang='grc'>11</span> <span class='ocrx_word' id='word_1_413' title='bbox 635 4403 681 4459; x_wconf 88' lang='lat' dir='ltr'>alii</span> <span class='ocrx_word' id='word_1_414' title='bbox 693 4410 743 4460; x_wconf 90' lang='grc' dir='ltr'>ιιι.</span> <span class='ocrx_word' id='word_1_415' title='bbox 768 4404 884 4461; x_wconf 90' lang='lat' dir='ltr'>Nomina</span> <span class='ocrx_word' id='word_1_416' title='bbox 896 4421 996 4478; x_wconf 81' lang='lat' dir='ltr'>corum,</span> <span class='ocrx_word' id='word_1_417' title='bbox 1013 4405 1060 4476; x_wconf 85' lang='lat' dir='ltr'>qui</span> <span class='ocrx_word' id='word_1_418' title='bbox 1077 4405 1174 4463; x_wconf 86' lang='lat' dir='ltr'>similia</span> <span class='ocrx_word' id='word_1_419' title='bbox 1186 4405 1352 4469; x_wconf 88' lang='lat' dir='ltr'>tradiderint,</span> <span class='ocrx_word' id='word_1_420' title='bbox 1365 4406 1442 4478; x_wconf 86' lang='lat' dir='ltr'>poeni</span> <span class='ocrx_word' id='word_1_421' title='bbox 1454 4405 1489 4462; x_wconf 87' lang='lat' dir='ltr'>ad</span> <span class='ocrx_word' id='word_1_422' title='bbox 1498 4405 1567 4479; x_wconf 69' lang='lat' dir='ltr'>Hyp.</span> 
     </span>
     <span class='ocr_line' id='line_1_39' title="bbox 333 4487 1567 4563; baseline 0.004 -20"><span class='ocrx_word' id='word_1_423' title='bbox 333 4489 421 4556; x_wconf 89' lang='lat' dir='ltr'>Myth.</span> <span class='ocrx_word' id='word_1_424' title='bbox 444 4503 485 4556; x_wconf 91' lang='lat' dir='ltr'>cp.</span> <span class='ocrx_word' id='word_1_425' title='bbox 505 4490 556 4544; x_wconf 82' lang='grc'>194</span> <span class='ocrx_word' id='word_1_426' title='bbox 571 4488 576 4558; x_wconf 89' lang='grc' dir='ltr'>Ι</span> <span class='ocrx_word' id='word_1_427' title='bbox 594 4493 626 4545; x_wconf 85' lang='lat'>12</span> <span class='ocrx_word' id='word_1_428' title='bbox 645 4489 763 4545; x_wconf 87' lang='lat' dir='ltr'>tranexit</span> <span class='ocrx_word' id='word_1_429' title='bbox 779 4487 804 4544; x_wconf 93' lang='lat' dir='ltr'>D</span> <span class='ocrx_word' id='word_1_430' title='bbox 822 4491 972 4548; x_wconf 86' lang='lat' dir='ltr'>transuexit</span> <span class='ocrx_word' id='word_1_431' title='bbox 989 4491 1051 4547; x_wconf 83' lang='lat' dir='ltr'>GN</span> <span class='ocrx_word' id='word_1_432' title='bbox 1068 4497 1097 4548; x_wconf 89' lang='lat' dir='ltr'>et</span> <span class='ocrx_word' id='word_1_433' title='bbox 1121 4491 1160 4547; x_wconf 91' lang='lat' dir='ltr'>sio</span> <span class='ocrx_word' id='word_1_434' title='bbox 1185 4492 1267 4562; x_wconf 77' lang='lat' dir='ltr'>uulgo</span> <span class='ocrx_word' id='word_1_435' title='bbox 1292 4492 1432 4562; x_wconf 73' lang='lat' dir='ltr'>scribunt!</span> <span class='ocrx_word' id='word_1_436' title='bbox 1449 4496 1480 4549; x_wconf 88' lang='grc'>17</span> <span class='ocrx_word' id='word_1_437' title='bbox 1498 4493 1567 4563; x_wconf 89' lang='lat' dir='ltr'>petit</span> 
     </span>
     <span class='ocr_line' id='line_1_40' title="bbox 334 4572 1566 4646; baseline 0.003 -18"><span class='ocrx_word' id='word_1_438' title='bbox 334 4575 360 4628; x_wconf 99' lang='grc' dir='ltr'>Ι)</span> <span class='ocrx_word' id='word_1_439' title='bbox 375 4572 438 4629; x_wconf 86' lang='lat' dir='ltr'>GN</span> <span class='ocrx_word' id='word_1_440' title='bbox 453 4574 458 4642; x_wconf 84' lang='grc' dir='ltr'>Ι</span> <span class='ocrx_word' id='word_1_441' title='bbox 475 4577 507 4629; x_wconf 85' lang='grc'>17</span> <span class='ocrx_word' id='word_1_442' title='bbox 520 4578 550 4629; x_wconf 89' lang='lat' dir='ltr'>et</span> <span class='ocrx_word' id='word_1_443' title='bbox 566 4580 597 4629; x_wconf 92' lang='lat' dir='ltr'>nt</span> <span class='ocrx_word' id='word_1_444' title='bbox 613 4573 667 4630; x_wconf 86' lang='lat' dir='ltr'>lna</span> <span class='ocrx_word' id='word_1_445' title='bbox 686 4574 760 4631; x_wconf 80' lang='grc'>8111.</span> <span class='ocrx_word' id='word_1_446' title='bbox 776 4575 782 4646; x_wconf 90' lang='grc' dir='ltr'>Ι</span> <span class='ocrx_word' id='word_1_447' title='bbox 797 4579 830 4632; x_wconf 90' lang='grc'>18</span> <span class='ocrx_word' id='word_1_448' title='bbox 842 4582 965 4633; x_wconf 90' lang='lat' dir='ltr'>ornatum</span> <span class='ocrx_word' id='word_1_449' title='bbox 981 4576 1047 4632; x_wconf 91' lang='lat' dir='ltr'>DN</span> <span class='ocrx_word' id='word_1_450' title='bbox 1064 4593 1159 4633; x_wconf 88' lang='lat' dir='ltr'>ornare</span> <span class='ocrx_word' id='word_1_451' title='bbox 1178 4579 1202 4634; x_wconf 84' lang='lat' dir='ltr'>G</span> <span class='ocrx_word' id='word_1_452' title='bbox 1216 4579 1222 4646; x_wconf 95' lang='grc'>1</span> <span class='ocrx_word' id='word_1_453' title='bbox 1239 4583 1271 4636; x_wconf 84' lang='grc'>18</span> <span class='ocrx_word' id='word_1_454' title='bbox 1288 4582 1420 4634; x_wconf 72' lang='lat' dir='ltr'>uertant</span> <span class='ocrx_word' id='word_1_455' title='bbox 1436 4578 1475 4633; x_wconf 89' lang='lat' dir='ltr'>ait</span> <span class='ocrx_word' id='word_1_456' title='bbox 1487 4576 1566 4633; x_wconf 86' lang='lat' dir='ltr'>Ouid.</span> 
     </span>
     <span class='ocr_line' id='line_1_41' title="bbox 335 4657 1663 4732; baseline 0.005 -20"><span class='ocrx_word' id='word_1_457' title='bbox 335 4658 411 4714; x_wconf 83' lang='lat' dir='ltr'>Fast</span> <span class='ocrx_word' id='word_1_458' title='bbox 429 4662 454 4726; x_wconf 83' lang='lat'>2,</span> <span class='ocrx_word' id='word_1_459' title='bbox 478 4661 528 4714; x_wconf 79' lang='lat'>107</span> <span class='ocrx_word' id='word_1_460' title='bbox 555 4657 608 4713; x_wconf 85' lang='lat' dir='ltr'>fuit</span> <span class='ocrx_word' id='word_1_461' title='bbox 632 4657 706 4728; x_wconf 89' lang='lat' dir='ltr'>palla</span> <span class='ocrx_word' id='word_1_462' title='bbox 732 4658 773 4714; x_wconf 86' lang='lat' dir='ltr'>bis</span> <span class='ocrx_word' id='word_1_463' title='bbox 799 4659 883 4715; x_wconf 89' lang='lat' dir='ltr'>tincta</span> <span class='ocrx_word' id='word_1_464' title='bbox 908 4660 989 4731; x_wconf 81' lang='lat' dir='ltr'>Tyrio</span> <span class='ocrx_word' id='word_1_465' title='bbox 1010 4661 1111 4716; x_wconf 87' lang='lat' dir='ltr'>murice</span> <span class='ocrx_word' id='word_1_466' title='bbox 1125 4664 1130 4730; x_wconf 89' lang='grc'>1</span> <span class='ocrx_word' id='word_1_467' title='bbox 1146 4668 1240 4731; x_wconf 83' lang='lat' dir='ltr'>questu</span> <span class='ocrx_word' id='word_1_468' title='bbox 1257 4661 1320 4716; x_wconf 92' lang='lat' dir='ltr'>DN</span> <span class='ocrx_word' id='word_1_469' title='bbox 1338 4662 1411 4730; x_wconf 79' lang='lat' dir='ltr'>nnlg.</span> <span class='ocrx_word' id='word_1_470' title='bbox 1427 4664 1564 4732; x_wconf 73' lang='lat' dir='ltr'>quaestu!</span> <span class='ocrx_word' id='word_1_471' title='bbox 1661 4704 1663 4709; x_wconf 81' lang='lat'><em>.</em></span> 
     </span>
     <span class='ocr_line' id='line_1_42' title="bbox 331 4741 1563 4815; baseline 0.002 -18"><span class='ocrx_word' id='word_1_472' title='bbox 331 4747 369 4798; x_wconf 84' lang='lat'>20</span> <span class='ocrx_word' id='word_1_473' title='bbox 389 4747 517 4798; x_wconf 90' lang='lat' dir='ltr'>euentum</span> <span class='ocrx_word' id='word_1_474' title='bbox 542 4741 558 4796; x_wconf 87' lang='lat' dir='ltr'>l.</span> <span class='ocrx_word' id='word_1_475' title='bbox 586 4757 609 4800; x_wconf 92' lang='lat' dir='ltr'>e.</span> <span class='ocrx_word' id='word_1_476' title='bbox 636 4742 710 4798; x_wconf 87' lang='lat' dir='ltr'>uitae</span> <span class='ocrx_word' id='word_1_477' title='bbox 737 4742 817 4798; x_wconf 86' lang='lat' dir='ltr'>tinem</span> <span class='ocrx_word' id='word_1_478' title='bbox 839 4784 846 4800; x_wconf 93' lang='lat'><strong>.</strong></span> <span class='ocrx_word' id='word_1_479' title='bbox 868 4743 906 4799; x_wconf 88' lang='lat' dir='ltr'>sia</span> <span class='ocrx_word' id='word_1_480' title='bbox 931 4745 1025 4800; x_wconf 85' lang='lat' dir='ltr'>Horat.</span> <span class='ocrx_word' id='word_1_481' title='bbox 1048 4746 1080 4800; x_wconf 85' lang='grc' dir='ltr'>Δ.</span> <span class='ocrx_word' id='word_1_482' title='bbox 1104 4746 1134 4801; x_wconf 90' lang='grc' dir='ltr'>Ρ.</span> <span class='ocrx_word' id='word_1_483' title='bbox 1154 4749 1204 4802; x_wconf 80' lang='grc'>148</span> <span class='ocrx_word' id='word_1_484' title='bbox 1228 4744 1234 4813; x_wconf 90' lang='grc' dir='ltr'>Ι</span> <span class='ocrx_word' id='word_1_485' title='bbox 1257 4745 1311 4815; x_wconf 90' lang='lat' dir='ltr'>inp.</span> <span class='ocrx_word' id='word_1_486' title='bbox 1333 4746 1358 4799; x_wconf 92' lang='lat' dir='ltr'>D</span> <span class='ocrx_word' id='word_1_487' title='bbox 1384 4746 1447 4814; x_wconf 87' lang='lat' dir='ltr'>imp.</span> <span class='ocrx_word' id='word_1_488' title='bbox 1470 4746 1494 4801; x_wconf 82' lang='lat' dir='ltr'>G</span> <span class='ocrx_word' id='word_1_489' title='bbox 1513 4745 1539 4800; x_wconf 96' lang='lat' dir='ltr'>N</span> <span class='ocrx_word' id='word_1_490' title='bbox 1559 4748 1563 4815; x_wconf 84' lang='grc' dir='ltr'>Ι</span> 
     </span>
     <span class='ocr_line' id='line_1_43' title="bbox 329 4815 1566 4898; baseline 0.003 -16"><span class='ocrx_word' id='word_1_491' title='bbox 329 4830 368 4882; x_wconf 75' lang='grc'>’12</span> <span class='ocrx_word' id='word_1_492' title='bbox 385 4833 527 4895; x_wconf 88' lang='lat' dir='ltr'>pronatare</span> <span class='ocrx_word' id='word_1_493' title='bbox 544 4840 598 4881; x_wconf 85' lang='lat' dir='ltr'>nor</span> <span class='ocrx_word' id='word_1_494' title='bbox 623 4841 686 4881; x_wconf 84' lang='lat' dir='ltr'>rara</span> <span class='ocrx_word' id='word_1_495' title='bbox 709 4831 751 4883; x_wconf 87' lang='lat' dir='ltr'>est</span> <span class='ocrx_word' id='word_1_496' title='bbox 764 4827 770 4896; x_wconf 85' lang='lat' dir='ltr'>l</span> <span class='ocrx_word' id='word_1_497' title='bbox 785 4831 818 4885; x_wconf 81' lang='lat'>25</span> <span class='ocrx_word' id='word_1_498' title='bbox 836 4827 910 4898; x_wconf 77' lang='lat' dir='ltr'>unlg.</span> <span class='ocrx_word' id='word_1_499' title='bbox 924 4815 972 4883; x_wconf 82' lang='lat' dir='ltr'>‘ibi</span> <span class='ocrx_word' id='word_1_500' title='bbox 989 4832 1079 4884; x_wconf 85' lang='lat' dir='ltr'>statua</span> <span class='ocrx_word' id='word_1_501' title='bbox 1104 4821 1152 4884; x_wconf 86' lang='lat' dir='ltr'>est’</span> <span class='ocrx_word' id='word_1_502' title='bbox 1181 4827 1209 4884; x_wconf 89' lang='lat' dir='ltr'>in</span> <span class='ocrx_word' id='word_1_503' title='bbox 1234 4829 1294 4884; x_wconf 90' lang='lat' dir='ltr'>aliis</span> <span class='ocrx_word' id='word_1_504' title='bbox 1319 4835 1372 4885; x_wconf 86' lang='lat' dir='ltr'>est:</span> <span class='ocrx_word' id='word_1_505' title='bbox 1399 4828 1436 4885; x_wconf 93' lang='lat' dir='ltr'>ibi</span> <span class='ocrx_word' id='word_1_506' title='bbox 1461 4834 1566 4886; x_wconf 84' lang='lat' dir='ltr'>statmo</span> 
     </span>
     <span class='ocr_line' id='line_1_44' title="bbox 333 4909 1565 4984; baseline 0.005 -19"><span class='ocrx_word' id='word_1_507' title='bbox 333 4915 376 4965; x_wconf 90' lang='lat' dir='ltr'>ost</span> <span class='ocrx_word' id='word_1_508' title='bbox 392 4951 400 4966; x_wconf 86' lang='lat'><strong>.</strong></span> <span class='ocrx_word' id='word_1_509' title='bbox 418 4909 489 4979; x_wconf 82' lang='lat' dir='ltr'>quod</span> <span class='ocrx_word' id='word_1_510' title='bbox 506 4909 580 4973; x_wconf 86' lang='lat' dir='ltr'>dedi,</span> <span class='ocrx_word' id='word_1_511' title='bbox 607 4910 687 4967; x_wconf 89' lang='lat' dir='ltr'>habet</span> <span class='ocrx_word' id='word_1_512' title='bbox 704 4911 728 4968; x_wconf 93' lang='lat' dir='ltr'>N</span> <span class='ocrx_word' id='word_1_513' title='bbox 746 4918 827 4982; x_wconf 85' lang='lat' dir='ltr'>atque</span> <span class='ocrx_word' id='word_1_514' title='bbox 844 4912 914 4968; x_wconf 92' lang='lat' dir='ltr'>idom</span> <span class='ocrx_word' id='word_1_515' title='bbox 936 4913 1086 4970; x_wconf 88' lang='lat' dir='ltr'>coniecerat</span> <span class='ocrx_word' id='word_1_516' title='bbox 1103 4913 1171 4984; x_wconf 87' lang='lat' dir='ltr'>Sch;</span> <span class='ocrx_word' id='word_1_517' title='bbox 1194 4915 1222 4970; x_wconf 88' lang='lat' dir='ltr'>in</span> <span class='ocrx_word' id='word_1_518' title='bbox 1238 4913 1264 4969; x_wconf 91' lang='lat' dir='ltr'>D</span> <span class='ocrx_word' id='word_1_519' title='bbox 1281 4913 1361 4970; x_wconf 88' lang='lat' dir='ltr'>lectio</span> <span class='ocrx_word' id='word_1_520' title='bbox 1378 4912 1489 4984; x_wconf 78' lang='lat' dir='ltr'>uulgata</span> <span class='ocrx_word' id='word_1_521' title='bbox 1509 4930 1565 4971; x_wconf 93' lang='lat' dir='ltr'>mn-</span> 
     </span>
     <span class='ocr_line' id='line_1_45' title="bbox 334 4984 1565 5070; baseline 0.007 -21"><span class='ocrx_word' id='word_1_522' title='bbox 334 5001 393 5051; x_wconf 87' lang='lat' dir='ltr'>tata</span> <span class='ocrx_word' id='word_1_523' title='bbox 410 5002 451 5051; x_wconf 90' lang='lat' dir='ltr'>ost</span> <span class='ocrx_word' id='word_1_524' title='bbox 464 4995 492 5051; x_wconf 92' lang='lat' dir='ltr'>in</span> <span class='ocrx_word' id='word_1_525' title='bbox 502 4984 551 5051; x_wconf 82' lang='lat' dir='ltr'>‘ibi</span> <span class='ocrx_word' id='word_1_526' title='bbox 564 5011 624 5053; x_wconf 89' lang='lat' dir='ltr'>cnm</span> <span class='ocrx_word' id='word_1_527' title='bbox 636 5001 725 5052; x_wconf 88' lang='lat' dir='ltr'>statua</span> <span class='ocrx_word' id='word_1_528' title='bbox 739 4997 838 5053; x_wconf 87' lang='lat' dir='ltr'>arionis</span> <span class='ocrx_word' id='word_1_529' title='bbox 852 4993 950 5053; x_wconf 85' lang='lat' dir='ltr'>delhni&#39;</span> <span class='ocrx_word' id='word_1_530' title='bbox 966 4999 972 5067; x_wconf 91' lang='grc' dir='ltr'>Ι</span> <span class='ocrx_word' id='word_1_531' title='bbox 987 5003 1021 5056; x_wconf 79' lang='lat'>25</span> <span class='ocrx_word' id='word_1_532' title='bbox 1034 4999 1105 5068; x_wconf 78' lang='lat' dir='ltr'>uulg.</span> <span class='ocrx_word' id='word_1_533' title='bbox 1119 4999 1307 5056; x_wconf 86' lang='lat' dir='ltr'>simulachrum</span> <span class='ocrx_word' id='word_1_534' title='bbox 1322 5000 1327 5070; x_wconf 87' lang='grc' dir='ltr'>Ι</span> <span class='ocrx_word' id='word_1_535' title='bbox 1341 4997 1428 5054; x_wconf 84' lang='grc' dir='ltr'>ιιΙιΙ)</span> <span class='ocrx_word' id='word_1_536' title='bbox 1442 4999 1487 5057; x_wconf 84' lang='lat' dir='ltr'>ali.</span> <span class='ocrx_word' id='word_1_537' title='bbox 1497 5000 1522 5056; x_wconf 80' lang='lat' dir='ltr'>G</span> <span class='ocrx_word' id='word_1_538' title='bbox 1531 5000 1565 5058; x_wconf 88' lang='lat' dir='ltr'>N.</span> 
     </span>
    </p>
   </div>
   <div class='ocr_carea' id='block_1_7' title="bbox 0 0 2014 5910">
    <p class='ocr_par' dir='ltr' id='par_1_7' title="bbox 0 0 2014 5910">
     <span class='ocr_line' id='line_1_46' title="bbox 0 0 2014 5910; baseline 0 2"><span class='ocrx_word' id='word_1_539' title='bbox 0 0 2014 5910; x_wconf 95' lang='lat' dir='ltr'> </span> 
     </span>
    </p>
   </div>
  </div>
 </body>
</html>
