<?xml version="1.0" encoding="UTF-8"?>
<!DOCTYPE html PUBLIC "-//W3C//DTD XHTML 1.0 Transitional//EN"
    "http://www.w3.org/TR/xhtml1/DTD/xhtml1-transitional.dtd">
<html xmlns="http://www.w3.org/1999/xhtml" xml:lang="en" lang="en">
 <head>
  <title>
</title>
<meta http-equiv="Content-Type" content="text/html;charset=utf-8" />
  <meta name='ocr-system' content='tesseract 3.04.00' />
  <meta name='ocr-capabilities' content='ocr_page ocr_carea ocr_par ocr_line ocrx_word'/>
</head>
<body>
  <div class='ocr_page' id='page_1' title='image "./hyginiastronomi01hygigoog_0022.png"; bbox 0 0 4020 5910; ppageno 0'>
   <div class='ocr_carea' id='block_1_1' title="bbox 884 759 1096 825">
    <p class='ocr_par' dir='ltr' id='par_1_1' title="bbox 884 759 1096 825">
     <span class='ocr_line' id='line_1_1' title="bbox 884 759 1096 825; baseline 0.009 -21"><span class='ocrx_word' id='word_1_1' title='bbox 884 759 1096 825; x_wconf 72' lang='lat'>..13-</span> 
     </span>
    </p>
   </div>
   <div class='ocr_carea' id='block_1_2' title="bbox 372 885 1605 1105">
    <p class='ocr_par' dir='ltr' id='par_1_2' title="bbox 372 885 1605 1105">
     <span class='ocr_line' id='line_1_2' title="bbox 456 885 1605 1008; baseline 0.003 -16"><span class='ocrx_word' id='word_1_2' title='bbox 456 885 499 992; x_wconf 80' lang='lat' dir='ltr'><strong>IX</strong></span> <span class='ocrx_word' id='word_1_3' title='bbox 521 931 571 994; x_wconf 85' lang='lat' dir='ltr'><strong>iol.</strong></span> <span class='ocrx_word' id='word_1_4' title='bbox 595 935 635 994; x_wconf 80' lang='grc'><strong>99</strong></span> <span class='ocrx_word' id='word_1_5' title='bbox 659 949 721 1007; x_wconf 86' lang='lat' dir='ltr'><strong>sqq.</strong></span> <span class='ocrx_word' id='word_1_6' title='bbox 753 931 909 993; x_wconf 83' lang='lat' dir='ltr'><strong>Tractatus</strong></span> <span class='ocrx_word' id='word_1_7' title='bbox 931 913 1037 994; x_wconf 89' lang='lat' dir='ltr'><strong>incerti</strong></span> <span class='ocrx_word' id='word_1_8' title='bbox 1055 933 1185 994; x_wconf 89' lang='lat' dir='ltr'><strong>auctoris</strong></span> <span class='ocrx_word' id='word_1_9' title='bbox 1205 932 1251 994; x_wconf 90' lang='lat' dir='ltr'><strong>De</strong></span> <span class='ocrx_word' id='word_1_10' title='bbox 1273 933 1376 996; x_wconf 86' lang='lat' dir='ltr'><strong>ordine</strong></span> <span class='ocrx_word' id='word_1_11' title='bbox 1398 947 1433 994; x_wconf 88' lang='lat' dir='ltr'><strong>ac</strong></span> <span class='ocrx_word' id='word_1_12' title='bbox 1456 932 1605 1008; x_wconf 77' lang='lat' dir='ltr'><strong>positione</strong></span> 
     </span>
     <span class='ocr_line' id='line_1_3' title="bbox 372 1032 994 1105; baseline 0.003 -15"><span class='ocrx_word' id='word_1_13' title='bbox 372 1033 525 1091; x_wconf 86' lang='lat' dir='ltr'><strong>stellarum</strong></span> <span class='ocrx_word' id='word_1_14' title='bbox 546 1032 577 1090; x_wconf 93' lang='lat' dir='ltr'><strong>in</strong></span> <span class='ocrx_word' id='word_1_15' title='bbox 600 1033 699 1105; x_wconf 89' lang='lat' dir='ltr'><strong>signis.</strong></span> <span class='ocrx_word' id='word_1_16' title='bbox 993 1065 994 1070; x_wconf 20' lang='grc' dir='ltr'>ι</span> 
     </span>
    </p>
   </div>
   <div class='ocr_carea' id='block_1_3' title="bbox 335 1117 1631 4781">
    <p class='ocr_par' dir='ltr' id='par_1_3' title="bbox 335 1117 1604 2535">
     <span class='ocr_line' id='line_1_4' title="bbox 454 1117 1604 1213; baseline 0.002 -24"><span class='ocrx_word' id='word_1_17' title='bbox 454 1125 654 1213; x_wconf 45' lang='lat' dir='ltr'><strong>Hyginijliber</strong></span> <span class='ocrx_word' id='word_1_18' title='bbox 668 1131 710 1191; x_wconf 90' lang='lat' dir='ltr'><strong>sic</strong></span> <span class='ocrx_word' id='word_1_19' title='bbox 723 1131 828 1205; x_wconf 80' lang='lat' dir='ltr'><strong>incipit</strong></span> <span class='ocrx_word' id='word_1_20' title='bbox 842 1129 1029 1193; x_wconf 66' lang='lat' dir='ltr'><strong>uraldus</strong></span> <span class='ocrx_word' id='word_1_21' title='bbox 1052 1117 1097 1198; x_wconf 61' lang='grc' dir='ltr'><strong>(ἦ</strong></span> <span class='ocrx_word' id='word_1_22' title='bbox 1118 1131 1198 1192; x_wconf 86' lang='lat' dir='ltr'><strong>labio</strong></span> <span class='ocrx_word' id='word_1_23' title='bbox 1220 1132 1375 1206; x_wconf 80' lang='lat' dir='ltr'><strong>plurimam</strong></span> <span class='ocrx_word' id='word_1_24' title='bbox 1397 1132 1522 1194; x_wconf 87' lang='lat' dir='ltr'><strong>salntem</strong></span> <span class='ocrx_word' id='word_1_25' title='bbox 1545 1138 1604 1194; x_wconf 83' lang='lat' dir='ltr'><strong>etc.</strong></span> 
     </span>
     <span class='ocr_line' id='line_1_5' title="bbox 370 1219 1602 1294; baseline 0.001 -2"><span class='ocrx_word' id='word_1_26' title='bbox 370 1232 478 1292; x_wconf 76' lang='lat' dir='ltr'><strong>desinit</strong></span> <span class='ocrx_word' id='word_1_27' title='bbox 499 1238 596 1292; x_wconf 90' lang='lat' dir='ltr'><strong>autem</strong></span> <span class='ocrx_word' id='word_1_28' title='bbox 618 1233 649 1291; x_wconf 93' lang='lat' dir='ltr'><strong>iu</strong></span> <span class='ocrx_word' id='word_1_29' title='bbox 681 1219 877 1292; x_wconf 80' lang='lat' dir='ltr'><strong>uerbis‘oum</strong></span> <span class='ocrx_word' id='word_1_30' title='bbox 901 1233 944 1294; x_wconf 89' lang='lat' dir='ltr'><strong>sol</strong></span> <span class='ocrx_word' id='word_1_31' title='bbox 967 1234 1005 1293; x_wconf 89' lang='lat' dir='ltr'><strong>ab</strong></span> <span class='ocrx_word' id='word_1_32' title='bbox 1027 1233 1140 1294; x_wconf 91' lang='lat' dir='ltr'><strong>aestiuo</strong></span> <span class='ocrx_word' id='word_1_33' title='bbox 1160 1223 1279 1292; x_wconf 91' lang='lat' dir='ltr'><strong>circulo’</strong></span> <span class='ocrx_word' id='word_1_34' title='bbox 1303 1277 1311 1294; x_wconf 89' lang='lat'><strong>.</strong></span> <span class='ocrx_word' id='word_1_35' title='bbox 1333 1234 1476 1293; x_wconf 91' lang='lat' dir='ltr'><strong>librorum</strong></span> <span class='ocrx_word' id='word_1_36' title='bbox 1498 1236 1530 1293; x_wconf 91' lang='lat' dir='ltr'><strong>et</strong></span> <span class='ocrx_word' id='word_1_37' title='bbox 1553 1250 1602 1293; x_wconf 88' lang='lat' dir='ltr'><strong>ea·</strong></span> 
     </span>
     <span class='ocr_line' id='line_1_6' title="bbox 369 1333 1602 1414; baseline 0.001 -21"><span class='ocrx_word' id='word_1_38' title='bbox 369 1336 461 1409; x_wconf 90' lang='lat' dir='ltr'><strong>pitum</strong></span> <span class='ocrx_word' id='word_1_39' title='bbox 484 1333 686 1409; x_wconf 70' lang='lat' dir='ltr'><strong>designatione</strong></span> <span class='ocrx_word' id='word_1_40' title='bbox 715 1336 832 1394; x_wconf 90' lang='lat' dir='ltr'><strong>omnino</strong></span> <span class='ocrx_word' id='word_1_41' title='bbox 854 1340 950 1414; x_wconf 83' lang='lat' dir='ltr'><strong>caret;</strong></span> <span class='ocrx_word' id='word_1_42' title='bbox 979 1334 1031 1394; x_wconf 93' lang='lat' dir='ltr'><strong>ubi</strong></span> <span class='ocrx_word' id='word_1_43' title='bbox 1053 1340 1149 1396; x_wconf 91' lang='lat' dir='ltr'><strong>autem</strong></span> <span class='ocrx_word' id='word_1_44' title='bbox 1172 1352 1220 1396; x_wconf 89' lang='lat' dir='ltr'><strong>res</strong></span> <span class='ocrx_word' id='word_1_45' title='bbox 1241 1351 1318 1394; x_wconf 88' lang='lat' dir='ltr'><strong>noua</strong></span> <span class='ocrx_word' id='word_1_46' title='bbox 1339 1335 1453 1414; x_wconf 75' lang='lat' dir='ltr'><strong>incipit,</strong></span> <span class='ocrx_word' id='word_1_47' title='bbox 1474 1337 1602 1410; x_wconf 88' lang='lat' dir='ltr'><strong>primum</strong></span> 
     </span>
     <span class='ocr_line' id='line_1_7' title="bbox 335 1435 1602 1511; baseline 0.001 -17"><span class='ocrx_word' id='word_1_48' title='bbox 335 1459 337 1464; x_wconf 95' lang='lat'>·</span> <span class='ocrx_word' id='word_1_49' title='bbox 368 1436 544 1495; x_wconf 89' lang='lat' dir='ltr'><strong>uocabulum</strong></span> <span class='ocrx_word' id='word_1_50' title='bbox 565 1437 736 1509; x_wconf 89' lang='lat' dir='ltr'><strong>plerumque</strong></span> <span class='ocrx_word' id='word_1_51' title='bbox 764 1436 873 1496; x_wconf 88' lang='lat' dir='ltr'><strong>litteris</strong></span> <span class='ocrx_word' id='word_1_52' title='bbox 904 1438 1017 1510; x_wconf 89' lang='lat' dir='ltr'><strong>magnis</strong></span> <span class='ocrx_word' id='word_1_53' title='bbox 1048 1435 1192 1496; x_wconf 83' lang='lat' dir='ltr'><strong>formatur</strong></span> <span class='ocrx_word' id='word_1_54' title='bbox 1214 1483 1221 1496; x_wconf 91' lang='lat'><strong>.</strong></span> <span class='ocrx_word' id='word_1_55' title='bbox 1243 1437 1385 1511; x_wconf 73' lang='lat' dir='ltr'><strong>imagines</strong></span> <span class='ocrx_word' id='word_1_56' title='bbox 1408 1453 1467 1496; x_wconf 93' lang='lat' dir='ltr'><strong>non</strong></span> <span class='ocrx_word' id='word_1_57' title='bbox 1489 1437 1602 1497; x_wconf 89' lang='lat' dir='ltr'><strong>addun-</strong></span> 
     </span>
     <span class='ocr_line' id='line_1_8' title="bbox 368 1533 1603 1616; baseline 0.003 -23"><span class='ocrx_word' id='word_1_58' title='bbox 368 1540 431 1612; x_wconf 89' lang='lat' dir='ltr'><strong>tur,</strong></span> <span class='ocrx_word' id='word_1_59' title='bbox 454 1535 557 1596; x_wconf 88' lang='lat' dir='ltr'><strong>sedin</strong></span> <span class='ocrx_word' id='word_1_60' title='bbox 580 1537 776 1610; x_wconf 83' lang='lat' dir='ltr'><strong>descriptione</strong></span> <span class='ocrx_word' id='word_1_61' title='bbox 802 1533 960 1596; x_wconf 86' lang='lat' dir='ltr'><strong>formarum</strong></span> <span class='ocrx_word' id='word_1_62' title='bbox 987 1537 1156 1598; x_wconf 89' lang='lat' dir='ltr'><strong>caelestium</strong></span> <span class='ocrx_word' id='word_1_63' title='bbox 1178 1537 1239 1615; x_wconf 87' lang='lat' dir='ltr'><strong>(lib.</strong></span> <span class='ocrx_word' id='word_1_64' title='bbox 1262 1542 1281 1598; x_wconf 76' lang='lat' dir='ltr'><strong>‘l</strong></span> <span class='ocrx_word' id='word_1_65' title='bbox 1304 1554 1348 1612; x_wconf 90' lang='lat' dir='ltr'><strong>cp.</strong></span> <span class='ocrx_word' id='word_1_66' title='bbox 1373 1538 1487 1616; x_wconf 64' lang='grc'><strong>1,-42)</strong></span> <span class='ocrx_word' id='word_1_67' title='bbox 1507 1555 1603 1598; x_wconf 86' lang='lat' dir='ltr'><strong>uacua</strong></span> 
     </span>
     <span class='ocr_line' id='line_1_9' title="bbox 369 1636 1601 1716; baseline 0.002 -20"><span class='ocrx_word' id='word_1_68' title='bbox 369 1638 466 1710; x_wconf 91' lang='lat' dir='ltr'><strong>spatia</strong></span> <span class='ocrx_word' id='word_1_69' title='bbox 488 1637 594 1697; x_wconf 91' lang='lat' dir='ltr'><strong>relicta</strong></span> <span class='ocrx_word' id='word_1_70' title='bbox 616 1642 692 1715; x_wconf 89' lang='lat' dir='ltr'><strong>sunt,</strong></span> <span class='ocrx_word' id='word_1_71' title='bbox 714 1636 840 1697; x_wconf 86' lang='lat' dir='ltr'><strong>fortasse</strong></span> <span class='ocrx_word' id='word_1_72' title='bbox 856 1638 933 1698; x_wconf 89' lang='lat' dir='ltr'><strong>hanc</strong></span> <span class='ocrx_word' id='word_1_73' title='bbox 951 1636 989 1698; x_wconf 93' lang='lat' dir='ltr'><strong>ob</strong></span> <span class='ocrx_word' id='word_1_74' title='bbox 1008 1654 1134 1716; x_wconf 90' lang='lat' dir='ltr'><strong>oausam,</strong></span> <span class='ocrx_word' id='word_1_75' title='bbox 1155 1643 1189 1698; x_wconf 93' lang='grc' dir='ltr'><strong>ιιι</strong></span> <span class='ocrx_word' id='word_1_76' title='bbox 1210 1639 1351 1713; x_wconf 87' lang='lat' dir='ltr'><strong>imagines</strong></span> <span class='ocrx_word' id='word_1_77' title='bbox 1373 1638 1411 1698; x_wconf 90' lang='lat' dir='ltr'><strong>ab</strong></span> <span class='ocrx_word' id='word_1_78' title='bbox 1433 1639 1493 1699; x_wconf 87' lang='lat' dir='ltr'><strong>alia</strong></span> <span class='ocrx_word' id='word_1_79' title='bbox 1514 1655 1601 1698; x_wconf 88' lang='lat' dir='ltr'><strong>manu</strong></span> 
     </span>
     <span class='ocr_line' id='line_1_10' title="bbox 370 1739 1602 1822; baseline 0.002 -22"><span class='ocrx_word' id='word_1_80' title='bbox 370 1746 590 1816; x_wconf 85' lang='lat' dir='ltr'><strong>apponerentur</strong></span> <span class='ocrx_word' id='word_1_81' title='bbox 612 1784 619 1800; x_wconf 92' lang='lat'><strong>.</strong></span> <span class='ocrx_word' id='word_1_82' title='bbox 641 1741 763 1802; x_wconf 76' lang='lat' dir='ltr'><strong>lacernae</strong></span> <span class='ocrx_word' id='word_1_83' title='bbox 788 1740 935 1802; x_wconf 76' lang='lat' dir='ltr'><strong>rarissime</strong></span> <span class='ocrx_word' id='word_1_84' title='bbox 958 1741 1159 1822; x_wconf 76' lang='lat' dir='ltr'><strong>inueniuntur,</strong></span> <span class='ocrx_word' id='word_1_85' title='bbox 1180 1739 1210 1800; x_wconf 89' lang='lat' dir='ltr'><strong>in</strong></span> <span class='ocrx_word' id='word_1_86' title='bbox 1233 1739 1343 1802; x_wconf 85' lang='lat' dir='ltr'><strong>ultimis</strong></span> <span class='ocrx_word' id='word_1_87' title='bbox 1366 1745 1463 1802; x_wconf 83' lang='lat' dir='ltr'><strong>tauron</strong></span> <span class='ocrx_word' id='word_1_88' title='bbox 1485 1741 1602 1818; x_wconf 85' lang='lat' dir='ltr'><strong>paginis</strong></span> 
     </span>
     <span class='ocr_line' id='line_1_11' title="bbox 370 1843 1602 1926; baseline 0.001 -21"><span class='ocrx_word' id='word_1_89' title='bbox 370 1862 441 1905; x_wconf 90' lang='lat' dir='ltr'><strong>cura</strong></span> <span class='ocrx_word' id='word_1_90' title='bbox 462 1843 587 1925; x_wconf 93' lang='lat' dir='ltr'><strong>librarii,</strong></span> <span class='ocrx_word' id='word_1_91' title='bbox 610 1863 683 1920; x_wconf 75' lang='lat' dir='ltr'><strong>(puae</strong></span> <span class='ocrx_word' id='word_1_92' title='bbox 705 1843 768 1906; x_wconf 90' lang='lat' dir='ltr'><strong>lere</strong></span> <span class='ocrx_word' id='word_1_93' title='bbox 790 1845 897 1920; x_wconf 86' lang='lat' dir='ltr'><strong>ubique</strong></span> <span class='ocrx_word' id='word_1_94' title='bbox 920 1851 1084 1926; x_wconf 89' lang='lat' dir='ltr'><strong>comparet,</strong></span> <span class='ocrx_word' id='word_1_95' title='bbox 1110 1862 1315 1920; x_wconf 86' lang='lat' dir='ltr'><strong>nonnunquam</strong></span> <span class='ocrx_word' id='word_1_96' title='bbox 1338 1845 1440 1907; x_wconf 84' lang='lat' dir='ltr'><strong>deesse</strong></span> <span class='ocrx_word' id='word_1_97' title='bbox 1462 1845 1533 1907; x_wconf 92' lang='lat' dir='ltr'><strong>mihi</strong></span> <span class='ocrx_word' id='word_1_98' title='bbox 1555 1846 1602 1906; x_wconf 89' lang='lat' dir='ltr'><strong>ui·</strong></span> 
     </span>
     <span class='ocr_line' id='line_1_12' title="bbox 369 1949 1602 2028; baseline 0.001 -20"><span class='ocrx_word' id='word_1_99' title='bbox 369 1949 523 2009; x_wconf 91' lang='lat' dir='ltr'><strong>debatur.</strong></span> <span class='ocrx_word' id='word_1_100' title='bbox 546 1966 653 2023; x_wconf 88' lang='lat' dir='ltr'><strong>graeca</strong></span> <span class='ocrx_word' id='word_1_101' title='bbox 673 1950 845 2024; x_wconf 88' lang='lat' dir='ltr'><strong>plerumque</strong></span> <span class='ocrx_word' id='word_1_102' title='bbox 868 1951 979 2024; x_wconf 88' lang='lat' dir='ltr'><strong>scripta</strong></span> <span class='ocrx_word' id='word_1_103' title='bbox 1001 1954 1069 2009; x_wconf 87' lang='lat' dir='ltr'><strong>sunt</strong></span> <span class='ocrx_word' id='word_1_104' title='bbox 1089 1950 1198 2010; x_wconf 88' lang='lat' dir='ltr'><strong>litteris</strong></span> <span class='ocrx_word' id='word_1_105' title='bbox 1219 1950 1333 2028; x_wconf 86' lang='lat' dir='ltr'><strong>latinis,</strong></span> <span class='ocrx_word' id='word_1_106' title='bbox 1355 1949 1487 2024; x_wconf 87' lang='lat' dir='ltr'><strong>exceptis</strong></span> <span class='ocrx_word' id='word_1_107' title='bbox 1509 1951 1602 2010; x_wconf 90' lang='lat' dir='ltr'><strong>uersi-</strong></span> 
     </span>
     <span class='ocr_line' id='line_1_13' title="bbox 370 2050 1601 2132; baseline 0.002 -20"><span class='ocrx_word' id='word_1_108' title='bbox 370 2053 425 2112; x_wconf 89' lang='lat' dir='ltr'><strong>bus</strong></span> <span class='ocrx_word' id='word_1_109' title='bbox 443 2070 479 2112; x_wconf 87' lang='lat' dir='ltr'><strong>en</strong></span> <span class='ocrx_word' id='word_1_110' title='bbox 497 2052 599 2131; x_wconf 87' lang='lat' dir='ltr'><strong>llrato,</strong></span> <span class='ocrx_word' id='word_1_111' title='bbox 613 2052 809 2130; x_wconf 80' lang='lat' dir='ltr'><strong>Anacreonte,</strong></span> <span class='ocrx_word' id='word_1_112' title='bbox 826 2052 1033 2113; x_wconf 87' lang='lat' dir='ltr'><strong>Eratosthene.</strong></span> <span class='ocrx_word' id='word_1_113' title='bbox 1051 2050 1101 2114; x_wconf 87' lang='lat' dir='ltr'><strong>lol.</strong></span> <span class='ocrx_word' id='word_1_114' title='bbox 1120 2056 1206 2131; x_wconf 77' lang='lat' dir='ltr'><strong>77,a</strong></span> <span class='ocrx_word' id='word_1_115' title='bbox 1228 2058 1258 2114; x_wconf 92' lang='lat' dir='ltr'><strong>et</strong></span> <span class='ocrx_word' id='word_1_116' title='bbox 1281 2056 1331 2132; x_wconf 78' lang='lat'><strong>78,</strong></span> <span class='ocrx_word' id='word_1_117' title='bbox 1353 2053 1529 2113; x_wconf 87' lang='lat' dir='ltr'><strong>auonnulla</strong></span> <span class='ocrx_word' id='word_1_118' title='bbox 1550 2055 1601 2114; x_wconf 91' lang='lat' dir='ltr'><strong>ad·</strong></span> 
     </span>
     <span class='ocr_line' id='line_1_14' title="bbox 370 2155 1601 2236; baseline 0.001 -21"><span class='ocrx_word' id='word_1_119' title='bbox 370 2157 433 2215; x_wconf 88' lang='lat' dir='ltr'><strong>dita</strong></span> <span class='ocrx_word' id='word_1_120' title='bbox 454 2160 531 2233; x_wconf 87' lang='lat' dir='ltr'><strong>sunt,</strong></span> <span class='ocrx_word' id='word_1_121' title='bbox 552 2173 626 2230; x_wconf 87' lang='lat' dir='ltr'><strong>quae</strong></span> <span class='ocrx_word' id='word_1_122' title='bbox 648 2155 758 2230; x_wconf 82' lang='lat' dir='ltr'><strong>Hygini</strong></span> <span class='ocrx_word' id='word_1_123' title='bbox 780 2172 838 2215; x_wconf 88' lang='lat' dir='ltr'><strong>non</strong></span> <span class='ocrx_word' id='word_1_124' title='bbox 860 2161 941 2234; x_wconf 89' lang='lat' dir='ltr'><strong>sunt,</strong></span> <span class='ocrx_word' id='word_1_125' title='bbox 971 2161 1004 2217; x_wconf 92' lang='lat' dir='ltr'><strong>ut</strong></span> <span class='ocrx_word' id='word_1_126' title='bbox 1025 2156 1165 2216; x_wconf 89' lang='lat' dir='ltr'><strong>librarius</strong></span> <span class='ocrx_word' id='word_1_127' title='bbox 1188 2161 1268 2216; x_wconf 90' lang='lat' dir='ltr'><strong>reete</strong></span> <span class='ocrx_word' id='word_1_128' title='bbox 1290 2156 1446 2236; x_wconf 83' lang='lat' dir='ltr'><strong>indicauit3</strong></span> <span class='ocrx_word' id='word_1_129' title='bbox 1476 2155 1513 2217; x_wconf 89' lang='lat' dir='ltr'><strong>de</strong></span> <span class='ocrx_word' id='word_1_130' title='bbox 1544 2174 1601 2231; x_wconf 91' lang='lat' dir='ltr'><strong>qua</strong></span> 
     </span>
     <span class='ocr_line' id='line_1_15' title="bbox 371 2255 1601 2335; baseline -0.002 -17"><span class='ocrx_word' id='word_1_131' title='bbox 371 2277 402 2318; x_wconf 91' lang='lat' dir='ltr'><strong>re</strong></span> <span class='ocrx_word' id='word_1_132' title='bbox 425 2262 529 2332; x_wconf 89' lang='lat' dir='ltr'><strong>postea</strong></span> <span class='ocrx_word' id='word_1_133' title='bbox 551 2259 638 2331; x_wconf 88' lang='lat' dir='ltr'><strong>plura</strong></span> <span class='ocrx_word' id='word_1_134' title='bbox 659 2257 754 2316; x_wconf 91' lang='lat' dir='ltr'><strong>dicam</strong></span> <span class='ocrx_word' id='word_1_135' title='bbox 774 2255 823 2333; x_wconf 86' lang='lat' dir='ltr'><strong>(ad</strong></span> <span class='ocrx_word' id='word_1_136' title='bbox 843 2256 895 2316; x_wconf 88' lang='lat' dir='ltr'><strong>lib.</strong></span> <span class='ocrx_word' id='word_1_137' title='bbox 918 2261 937 2318; x_wconf 78' lang='lat'><strong>2</strong></span> <span class='ocrx_word' id='word_1_138' title='bbox 961 2275 1006 2331; x_wconf 90' lang='lat' dir='ltr'><strong>cp.</strong></span> <span class='ocrx_word' id='word_1_139' title='bbox 1030 2263 1046 2319; x_wconf 94' lang='lat'>1</span> <span class='ocrx_word' id='word_1_140' title='bbox 1071 2259 1130 2335; x_wconf 71' lang='lat' dir='ltr'><strong>se).</strong></span> <span class='ocrx_word' id='word_1_141' title='bbox 1160 2256 1209 2316; x_wconf 91' lang='lat' dir='ltr'><strong>hio</strong></span> <span class='ocrx_word' id='word_1_142' title='bbox 1232 2256 1309 2317; x_wconf 91' lang='lat' dir='ltr'><strong>liber</strong></span> <span class='ocrx_word' id='word_1_143' title='bbox 1338 2257 1601 2332; x_wconf 86' lang='lat' dir='ltr'><strong>praestantissimis</strong></span> 
     </span>
     <span class='ocr_line' id='line_1_16' title="bbox 368 2358 1601 2438; baseline 0.002 -22"><span class='ocrx_word' id='word_1_144' title='bbox 368 2358 478 2433; x_wconf 85' lang='lat' dir='ltr'><strong>Hygini</strong></span> <span class='ocrx_word' id='word_1_145' title='bbox 509 2359 659 2420; x_wconf 85' lang='lat' dir='ltr'><strong>codicibus</strong></span> <span class='ocrx_word' id='word_1_146' title='bbox 682 2359 916 2419; x_wconf 75' lang='lat' dir='ltr'><strong>adnumerandus</strong></span> <span class='ocrx_word' id='word_1_147' title='bbox 938 2363 997 2438; x_wconf 90' lang='lat' dir='ltr'><strong>est,</strong></span> <span class='ocrx_word' id='word_1_148' title='bbox 1028 2360 1148 2433; x_wconf 89' lang='lat' dir='ltr'><strong>eiusque</strong></span> <span class='ocrx_word' id='word_1_149' title='bbox 1179 2359 1384 2418; x_wconf 89' lang='lat' dir='ltr'><strong>auctoritatem</strong></span> <span class='ocrx_word' id='word_1_150' title='bbox 1416 2363 1533 2419; x_wconf 88' lang='lat' dir='ltr'><strong>secutus</strong></span> <span class='ocrx_word' id='word_1_151' title='bbox 1556 2360 1601 2418; x_wconf 89' lang='lat' dir='ltr'><strong>iu·</strong></span> 
     </span>
     <span class='ocr_line' id='line_1_17' title="bbox 368 2459 1091 2535; baseline 0 -15"><span class='ocrx_word' id='word_1_152' title='bbox 368 2478 503 2520; x_wconf 90' lang='lat' dir='ltr'><strong>numeros</strong></span> <span class='ocrx_word' id='word_1_153' title='bbox 525 2462 607 2520; x_wconf 90' lang='lat' dir='ltr'><strong>locos</strong></span> <span class='ocrx_word' id='word_1_154' title='bbox 629 2461 782 2520; x_wconf 89' lang='lat' dir='ltr'><strong>emendaui</strong></span> <span class='ocrx_word' id='word_1_155' title='bbox 804 2503 811 2520; x_wconf 89' lang='lat'><em>.</em></span> <span class='ocrx_word' id='word_1_156' title='bbox 835 2462 909 2535; x_wconf 90' lang='lat' dir='ltr'><strong>siglo</strong></span> <span class='ocrx_word' id='word_1_157' title='bbox 931 2461 958 2520; x_wconf 90' lang='lat' dir='ltr'>D</span> <span class='ocrx_word' id='word_1_158' title='bbox 981 2459 1091 2520; x_wconf 87' lang='lat' dir='ltr'><strong>notaui.</strong></span> 
     </span>
    </p>

    <p class='ocr_par' dir='ltr' id='par_1_4' title="bbox 367 2560 1631 3865">
     <span class='ocr_line' id='line_1_18' title="bbox 454 2560 1602 2638; baseline 0 -17"><span class='ocrx_word' id='word_1_159' title='bbox 454 2560 512 2622; x_wconf 87' lang='lat' dir='ltr'><strong>Sed</strong></span> <span class='ocrx_word' id='word_1_160' title='bbox 534 2579 570 2621; x_wconf 92' lang='lat' dir='ltr'><strong>uc</strong></span> <span class='ocrx_word' id='word_1_161' title='bbox 592 2561 709 2622; x_wconf 90' lang='lat' dir='ltr'><strong>incaute</strong></span> <span class='ocrx_word' id='word_1_162' title='bbox 732 2561 885 2636; x_wconf 80' lang='lat' dir='ltr'><strong>quicquam</strong></span> <span class='ocrx_word' id='word_1_163' title='bbox 907 2561 1141 2636; x_wconf 87' lang='lat' dir='ltr'><strong>praetermisisse</strong></span> <span class='ocrx_word' id='word_1_164' title='bbox 1158 2561 1270 2638; x_wconf 89' lang='lat' dir='ltr'><strong>uidear,</strong></span> <span class='ocrx_word' id='word_1_165' title='bbox 1287 2562 1375 2620; x_wconf 87' lang='lat' dir='ltr'><strong>etiarn</strong></span> <span class='ocrx_word' id='word_1_166' title='bbox 1393 2561 1429 2622; x_wconf 92' lang='lat' dir='ltr'><strong>de</strong></span> <span class='ocrx_word' id='word_1_167' title='bbox 1448 2562 1602 2636; x_wconf 90' lang='lat' dir='ltr'><strong>orthogra-</strong></span> 
     </span>
     <span class='ocr_line' id='line_1_19' title="bbox 367 2661 1602 2739; baseline 0.002 -21"><span class='ocrx_word' id='word_1_168' title='bbox 367 2663 438 2734; x_wconf 86' lang='lat' dir='ltr'><strong>phia</strong></span> <span class='ocrx_word' id='word_1_169' title='bbox 468 2663 608 2721; x_wconf 90' lang='lat' dir='ltr'><strong>nonnulla</strong></span> <span class='ocrx_word' id='word_1_170' title='bbox 639 2661 734 2720; x_wconf 87' lang='lat' dir='ltr'><strong>dicam</strong></span> <span class='ocrx_word' id='word_1_171' title='bbox 756 2703 764 2720; x_wconf 92' lang='lat'><strong>.</strong></span> <span class='ocrx_word' id='word_1_172' title='bbox 787 2661 936 2720; x_wconf 91' lang='lat' dir='ltr'><strong>sciendum</strong></span> <span class='ocrx_word' id='word_1_173' title='bbox 967 2667 1012 2720; x_wconf 91' lang='lat' dir='ltr'><strong>est</strong></span> <span class='ocrx_word' id='word_1_174' title='bbox 1043 2661 1073 2720; x_wconf 90' lang='lat' dir='ltr'><strong>in</strong></span> <span class='ocrx_word' id='word_1_175' title='bbox 1095 2663 1151 2735; x_wconf 88' lang='lat' dir='ltr'><strong>hoc</strong></span> <span class='ocrx_word' id='word_1_176' title='bbox 1173 2661 1251 2720; x_wconf 91' lang='lat' dir='ltr'><strong>libro</strong></span> <span class='ocrx_word' id='word_1_177' title='bbox 1274 2661 1377 2720; x_wconf 88' lang='lat' dir='ltr'><strong>scribi:</strong></span> <span class='ocrx_word' id='word_1_178' title='bbox 1408 2664 1602 2739; x_wconf 83' lang='lat' dir='ltr'><strong>aesculapius,</strong></span> 
     </span>
     <span class='ocr_line' id='line_1_20' title="bbox 368 2759 1602 2838; baseline -0.002 -19"><span class='ocrx_word' id='word_1_179' title='bbox 368 2760 576 2838; x_wconf 87' lang='lat' dir='ltr'><strong>beniuolentia,</strong></span> <span class='ocrx_word' id='word_1_180' title='bbox 597 2760 696 2838; x_wconf 92' lang='lat' dir='ltr'><strong>braca,</strong></span> <span class='ocrx_word' id='word_1_181' title='bbox 714 2759 873 2837; x_wconf 85' lang='lat' dir='ltr'><strong>Cassiepia,</strong></span> <span class='ocrx_word' id='word_1_182' title='bbox 891 2775 988 2837; x_wconf 89' lang='lat' dir='ltr'><strong>cansa,</strong></span> <span class='ocrx_word' id='word_1_183' title='bbox 1005 2760 1106 2837; x_wconf 88' lang='lat' dir='ltr'><strong>ceteri,</strong></span> <span class='ocrx_word' id='word_1_184' title='bbox 1127 2760 1233 2836; x_wconf 90' lang='lat' dir='ltr'><strong>eicere,</strong></span> <span class='ocrx_word' id='word_1_185' title='bbox 1249 2759 1351 2836; x_wconf 89' lang='lat' dir='ltr'><strong>hedus,</strong></span> <span class='ocrx_word' id='word_1_186' title='bbox 1372 2759 1535 2835; x_wconf 90' lang='lat' dir='ltr'><strong>incolomis,</strong></span> <span class='ocrx_word' id='word_1_187' title='bbox 1556 2761 1602 2818; x_wconf 92' lang='lat' dir='ltr'><strong>in·</strong></span> 
     </span>
     <span class='ocr_line' id='line_1_21' title="bbox 368 2858 1602 2938; baseline -0.002 -18"><span class='ocrx_word' id='word_1_188' title='bbox 368 2862 530 2937; x_wconf 86' lang='lat' dir='ltr'><strong>columitas,</strong></span> <span class='ocrx_word' id='word_1_189' title='bbox 552 2860 733 2938; x_wconf 85' lang='lat' dir='ltr'><strong>intellegere,</strong></span> <span class='ocrx_word' id='word_1_190' title='bbox 755 2859 895 2938; x_wconf 88' lang='lat' dir='ltr'><strong>iocinera,</strong></span> <span class='ocrx_word' id='word_1_191' title='bbox 916 2861 1054 2938; x_wconf 90' lang='lat' dir='ltr'><strong>iuppiter,</strong></span> <span class='ocrx_word' id='word_1_192' title='bbox 1076 2861 1242 2937; x_wconf 84' lang='lat' dir='ltr'><strong>neglegere,</strong></span> <span class='ocrx_word' id='word_1_193' title='bbox 1264 2858 1391 2938; x_wconf 89' lang='lat' dir='ltr'><strong>obicere,</strong></span> <span class='ocrx_word' id='word_1_194' title='bbox 1408 2860 1505 2938; x_wconf 84' lang='lat' dir='ltr'><strong>pelex,</strong></span> <span class='ocrx_word' id='word_1_195' title='bbox 1526 2860 1602 2934; x_wconf 89' lang='lat' dir='ltr'><strong>plia·</strong></span> 
     </span>
     <span class='ocr_line' id='line_1_22' title="bbox 367 2961 1602 3041; baseline -0.002 -18"><span class='ocrx_word' id='word_1_196' title='bbox 367 2963 419 3023; x_wconf 91' lang='lat' dir='ltr'><strong>des</strong></span> <span class='ocrx_word' id='word_1_197' title='bbox 442 2961 514 3041; x_wconf 85' lang='lat' dir='ltr'><strong>(non</strong></span> <span class='ocrx_word' id='word_1_198' title='bbox 534 2961 680 3039; x_wconf 83' lang='lat' dir='ltr'><strong>Pleiades)</strong></span> <span class='ocrx_word' id='word_1_199' title='bbox 702 2961 846 3041; x_wconf 89' lang='lat' dir='ltr'><strong>proicere,</strong></span> <span class='ocrx_word' id='word_1_200' title='bbox 864 2967 1011 3041; x_wconf 86' lang='lat' dir='ltr'><strong>quattuor,</strong></span> <span class='ocrx_word' id='word_1_201' title='bbox 1033 2961 1192 3040; x_wconf 90' lang='lat' dir='ltr'><strong>sollemnis,</strong></span> <span class='ocrx_word' id='word_1_202' title='bbox 1209 2961 1320 3036; x_wconf 90' lang='lat' dir='ltr'><strong>speties</strong></span> <span class='ocrx_word' id='word_1_203' title='bbox 1338 2965 1393 3021; x_wconf 91' lang='lat' dir='ltr'><strong>etc.</strong></span> <span class='ocrx_word' id='word_1_204' title='bbox 1415 2961 1446 3019; x_wconf 91' lang='lat' dir='ltr'><strong>in</strong></span> <span class='ocrx_word' id='word_1_205' title='bbox 1464 2961 1531 3020; x_wconf 90' lang='lat' dir='ltr'><strong>aliis</strong></span> <span class='ocrx_word' id='word_1_206' title='bbox 1548 2977 1602 3020; x_wconf 90' lang='lat' dir='ltr'><strong>no·</strong></span> 
     </span>
     <span class='ocr_line' id='line_1_23' title="bbox 370 3053 1601 3145; baseline -0.001 -22"><span class='ocrx_word' id='word_1_207' title='bbox 370 3065 483 3124; x_wconf 90' lang='lat' dir='ltr'><strong>cabulis</strong></span> <span class='ocrx_word' id='word_1_208' title='bbox 505 3065 604 3124; x_wconf 90' lang='lat' dir='ltr'><strong>uariat</strong></span> <span class='ocrx_word' id='word_1_209' title='bbox 626 3066 786 3145; x_wconf 69' lang='lat' dir='ltr'><strong>scriptura,</strong></span> <span class='ocrx_word' id='word_1_210' title='bbox 808 3066 979 3140; x_wconf 87' lang='lat' dir='ltr'><strong>plerumque</strong></span> <span class='ocrx_word' id='word_1_211' title='bbox 1001 3064 1124 3138; x_wconf 85' lang='lat' dir='ltr'><strong>legimus</strong></span> <span class='ocrx_word' id='word_1_212' title='bbox 1143 3053 1312 3142; x_wconf 67' lang='lat' dir='ltr'><strong>‘collocare</strong></span> <span class='ocrx_word' id='word_1_213' title='bbox 1340 3054 1513 3138; x_wconf 88' lang='lat' dir='ltr'><strong>complures&#39;</strong></span> <span class='ocrx_word' id='word_1_214' title='bbox 1533 3063 1601 3123; x_wconf 91' lang='lat' dir='ltr'><strong>aliis</strong></span> 
     </span>
     <span class='ocr_line' id='line_1_24' title="bbox 368 3160 1603 3247; baseline -0.002 -19"><span class='ocrx_word' id='word_1_215' title='bbox 368 3169 440 3228; x_wconf 92' lang='lat' dir='ltr'><strong>locis</strong></span> <span class='ocrx_word' id='word_1_216' title='bbox 459 3160 637 3247; x_wconf 68' lang='lat' dir='ltr'><strong>‘conlocare</strong></span> <span class='ocrx_word' id='word_1_217' title='bbox 669 3163 833 3242; x_wconf 86' lang='lat' dir='ltr'><strong>conplures’</strong></span> <span class='ocrx_word' id='word_1_218' title='bbox 858 3172 888 3228; x_wconf 92' lang='lat' dir='ltr'><strong>et</strong></span> <span class='ocrx_word' id='word_1_219' title='bbox 919 3185 993 3243; x_wconf 84' lang='lat' dir='ltr'><strong>qnae</strong></span> <span class='ocrx_word' id='word_1_220' title='bbox 1025 3171 1093 3228; x_wconf 89' lang='lat' dir='ltr'><strong>sunt</strong></span> <span class='ocrx_word' id='word_1_221' title='bbox 1123 3166 1182 3225; x_wconf 87' lang='lat' dir='ltr'><strong>alia</strong></span> <span class='ocrx_word' id='word_1_222' title='bbox 1204 3166 1347 3225; x_wconf 90' lang='lat' dir='ltr'><strong>eiusmodi</strong></span> <span class='ocrx_word' id='word_1_223' title='bbox 1369 3209 1377 3224; x_wconf 91' lang='lat'><strong>.</strong></span> <span class='ocrx_word' id='word_1_224' title='bbox 1399 3165 1603 3240; x_wconf 79' lang='lat' dir='ltr'><strong>impletisque</strong></span> 
     </span>
     <span class='ocr_line' id='line_1_25' title="bbox 368 3251 1601 3346; baseline -0.002 -16"><span class='ocrx_word' id='word_1_225' title='bbox 368 3271 441 3330; x_wconf 90' lang='lat' dir='ltr'><strong>loeis</strong></span> <span class='ocrx_word' id='word_1_226' title='bbox 460 3276 506 3331; x_wconf 87' lang='lat' dir='ltr'><strong>cst</strong></span> <span class='ocrx_word' id='word_1_227' title='bbox 518 3260 685 3331; x_wconf 89' lang='lat' dir='ltr'><strong>‘dimedius’</strong></span> <span class='ocrx_word' id='word_1_228' title='bbox 706 3259 1040 3346; x_wconf 81' lang='lat' dir='ltr'><strong>perpaucis&#39;‘dimidius’</strong></span> <span class='ocrx_word' id='word_1_229' title='bbox 1059 3270 1129 3329; x_wconf 92' lang='lat' dir='ltr'><strong>item</strong></span> <span class='ocrx_word' id='word_1_230' title='bbox 1148 3251 1343 3342; x_wconf 78' lang='lat' dir='ltr'><strong>‘exspectare’</strong></span> <span class='ocrx_word' id='word_1_231' title='bbox 1363 3268 1534 3342; x_wconf 87' lang='lat' dir='ltr'><strong>plerumque</strong></span> <span class='ocrx_word' id='word_1_232' title='bbox 1549 3284 1601 3343; x_wconf 93' lang='lat' dir='ltr'><strong>po·</strong></span> 
     </span>
     <span class='ocr_line' id='line_1_26' title="bbox 368 3363 1602 3455; baseline -0.001 -24"><span class='ocrx_word' id='word_1_233' title='bbox 368 3373 457 3450; x_wconf 90' lang='lat' dir='ltr'><strong>nitur,</strong></span> <span class='ocrx_word' id='word_1_234' title='bbox 478 3371 529 3431; x_wconf 93' lang='lat' dir='ltr'><strong>ubi</strong></span> <span class='ocrx_word' id='word_1_235' title='bbox 552 3373 604 3433; x_wconf 92' lang='lat' dir='ltr'><strong>alii</strong></span> <span class='ocrx_word' id='word_1_236' title='bbox 626 3373 736 3433; x_wconf 78' lang='lat' dir='ltr'><strong>liabent</strong></span> <span class='ocrx_word' id='word_1_237' title='bbox 753 3363 909 3446; x_wconf 86' lang='lat' dir='ltr'><strong>‘spectare&#39;</strong></span> <span class='ocrx_word' id='word_1_238' title='bbox 933 3416 941 3432; x_wconf 90' lang='lat'><strong>.</strong></span> <span class='ocrx_word' id='word_1_239' title='bbox 963 3374 1033 3432; x_wconf 87' lang='lat' dir='ltr'><strong>item</strong></span> <span class='ocrx_word' id='word_1_240' title='bbox 1048 3369 1178 3448; x_wconf 84' lang='lat' dir='ltr'><strong>legimus</strong></span> <span class='ocrx_word' id='word_1_241' title='bbox 1200 3371 1277 3430; x_wconf 91' lang='lat' dir='ltr'><strong>lacte</strong></span> <span class='ocrx_word' id='word_1_242' title='bbox 1295 3395 1337 3420; x_wconf 85' lang='lat'><em>=</em></span> <span class='ocrx_word' id='word_1_243' title='bbox 1355 3370 1402 3429; x_wconf 92' lang='lat' dir='ltr'><strong>lac</strong></span> <span class='ocrx_word' id='word_1_244' title='bbox 1423 3411 1432 3429; x_wconf 90' lang='lat'><strong>.</strong></span> <span class='ocrx_word' id='word_1_245' title='bbox 1455 3385 1512 3428; x_wconf 92' lang='grc' dir='ltr'>ιιιιο</span> <span class='ocrx_word' id='word_1_246' title='bbox 1535 3370 1602 3455; x_wconf 76' lang='lat' dir='ltr'><strong>loco</strong></span> 
     </span>
     <span class='ocr_line' id='line_1_27' title="bbox 368 3471 1631 3555; baseline -0.003 -21"><span class='ocrx_word' id='word_1_247' title='bbox 368 3481 413 3534; x_wconf 87' lang='lat' dir='ltr'><strong>est</strong></span> <span class='ocrx_word' id='word_1_248' title='bbox 445 3475 656 3549; x_wconf 83' lang='lat' dir='ltr'><strong>quoinquinare</strong></span> <span class='ocrx_word' id='word_1_249' title='bbox 673 3500 716 3526; x_wconf 90' lang='lat'><em>=</em></span> <span class='ocrx_word' id='word_1_250' title='bbox 734 3475 932 3555; x_wconf 87' lang='lat' dir='ltr'><strong>coinquinare,</strong></span> <span class='ocrx_word' id='word_1_251' title='bbox 955 3491 1030 3550; x_wconf 86' lang='lat' dir='ltr'><strong>quur</strong></span> <span class='ocrx_word' id='word_1_252' title='bbox 1047 3499 1089 3524; x_wconf 87' lang='lat'><em>=</em></span> <span class='ocrx_word' id='word_1_253' title='bbox 1107 3490 1177 3552; x_wconf 92' lang='lat' dir='ltr'><strong>cur,</strong></span> <span class='ocrx_word' id='word_1_254' title='bbox 1203 3472 1270 3532; x_wconf 85' lang='lat' dir='ltr'><strong>Reli</strong></span> <span class='ocrx_word' id='word_1_255' title='bbox 1292 3488 1357 3532; x_wconf 91' lang='lat' dir='ltr'><strong>cum</strong></span> <span class='ocrx_word' id='word_1_256' title='bbox 1379 3495 1422 3522; x_wconf 82' lang='lat'><em>=</em></span> <span class='ocrx_word' id='word_1_257' title='bbox 1443 3471 1602 3533; x_wconf 87' lang='lat' dir='ltr'><strong>Relieum.</strong></span> <span class='ocrx_word' id='word_1_258' title='bbox 1630 3532 1631 3537; x_wconf 63' lang='grc'>,</span> 
     </span>
     <span class='ocr_line' id='line_1_28' title="bbox 368 3573 1602 3664; baseline -0.002 -28"><span class='ocrx_word' id='word_1_259' title='bbox 368 3596 457 3653; x_wconf 90' lang='lat' dir='ltr'><strong>porro</strong></span> <span class='ocrx_word' id='word_1_260' title='bbox 480 3583 683 3654; x_wconf 86' lang='lat' dir='ltr'><strong>permutantur</strong></span> <span class='ocrx_word' id='word_1_261' title='bbox 705 3579 783 3652; x_wconf 76' lang='lat' dir='ltr'><strong>aprud</strong></span> <span class='ocrx_word' id='word_1_262' title='bbox 806 3583 837 3639; x_wconf 90' lang='lat' dir='ltr'><strong>ct</strong></span> <span class='ocrx_word' id='word_1_263' title='bbox 858 3581 944 3658; x_wconf 90' lang='lat' dir='ltr'><strong>aput,</strong></span> <span class='ocrx_word' id='word_1_264' title='bbox 974 3583 1063 3653; x_wconf 90' lang='lat' dir='ltr'><strong>caput</strong></span> <span class='ocrx_word' id='word_1_265' title='bbox 1088 3581 1119 3638; x_wconf 94' lang='lat' dir='ltr'><strong>ct</strong></span> <span class='ocrx_word' id='word_1_266' title='bbox 1141 3576 1249 3655; x_wconf 92' lang='lat' dir='ltr'><strong>capud,</strong></span> <span class='ocrx_word' id='word_1_267' title='bbox 1279 3575 1393 3637; x_wconf 87' lang='lat' dir='ltr'><strong>initium</strong></span> <span class='ocrx_word' id='word_1_268' title='bbox 1421 3578 1452 3636; x_wconf 90' lang='lat' dir='ltr'><strong>ct</strong></span> <span class='ocrx_word' id='word_1_269' title='bbox 1472 3573 1602 3664; x_wconf 77' lang='lat' dir='ltr'><strong>inicium,</strong></span> 
     </span>
     <span class='ocr_line' id='line_1_29' title="bbox 369 3678 1603 3764; baseline -0.002 -24"><span class='ocrx_word' id='word_1_270' title='bbox 369 3684 474 3744; x_wconf 89' lang='lat' dir='ltr'><strong>tertius</strong></span> <span class='ocrx_word' id='word_1_271' title='bbox 497 3687 528 3743; x_wconf 92' lang='lat' dir='ltr'><strong>et</strong></span> <span class='ocrx_word' id='word_1_272' title='bbox 549 3684 669 3762; x_wconf 80' lang='lat' dir='ltr'><strong>terciae,</strong></span> <span class='ocrx_word' id='word_1_273' title='bbox 691 3683 817 3758; x_wconf 88' lang='lat' dir='ltr'><strong>spatium</strong></span> <span class='ocrx_word' id='word_1_274' title='bbox 840 3688 871 3743; x_wconf 91' lang='lat' dir='ltr'><strong>ct</strong></span> <span class='ocrx_word' id='word_1_275' title='bbox 888 3682 1029 3764; x_wconf 89' lang='lat' dir='ltr'><strong>spacium,</strong></span> <span class='ocrx_word' id='word_1_276' title='bbox 1050 3681 1132 3742; x_wconf 90' lang='lat' dir='ltr'><strong>uelut</strong></span> <span class='ocrx_word' id='word_1_277' title='bbox 1149 3685 1180 3741; x_wconf 93' lang='lat' dir='ltr'><strong>et</strong></span> <span class='ocrx_word' id='word_1_278' title='bbox 1202 3679 1290 3740; x_wconf 92' lang='lat' dir='ltr'><strong>uelud</strong></span> <span class='ocrx_word' id='word_1_279' title='bbox 1311 3723 1319 3740; x_wconf 91' lang='lat'><strong>.</strong></span> <span class='ocrx_word' id='word_1_280' title='bbox 1342 3680 1394 3741; x_wconf 90' lang='lat' dir='ltr'><strong>sed</strong></span> <span class='ocrx_word' id='word_1_281' title='bbox 1410 3680 1485 3740; x_wconf 88' lang='lat' dir='ltr'><strong>haec</strong></span> <span class='ocrx_word' id='word_1_282' title='bbox 1502 3678 1603 3739; x_wconf 89' lang='lat' dir='ltr'><strong>hacte-</strong></span> 
     </span>
     <span class='ocr_line' id='line_1_30' title="bbox 371 3782 1261 3865; baseline -0.002 -21"><span class='ocrx_word' id='word_1_283' title='bbox 371 3804 438 3865; x_wconf 71' lang='lat' dir='ltr'><strong>nus,</strong></span> <span class='ocrx_word' id='word_1_284' title='bbox 460 3787 547 3861; x_wconf 89' lang='lat' dir='ltr'><strong>plura</strong></span> <span class='ocrx_word' id='word_1_285' title='bbox 569 3787 606 3846; x_wconf 93' lang='lat' dir='ltr'><strong>de</strong></span> <span class='ocrx_word' id='word_1_286' title='bbox 629 3786 684 3844; x_wconf 88' lang='lat' dir='ltr'><strong>hac</strong></span> <span class='ocrx_word' id='word_1_287' title='bbox 707 3802 740 3844; x_wconf 90' lang='lat' dir='ltr'><strong>re</strong></span> <span class='ocrx_word' id='word_1_288' title='bbox 761 3787 793 3845; x_wconf 90' lang='lat' dir='ltr'><strong>in</strong></span> <span class='ocrx_word' id='word_1_289' title='bbox 815 3786 1024 3845; x_wconf 90' lang='lat' dir='ltr'><strong>commentario</strong></span> <span class='ocrx_word' id='word_1_290' title='bbox 1045 3801 1110 3844; x_wconf 90' lang='lat' dir='ltr'><strong>meo</strong></span> <span class='ocrx_word' id='word_1_291' title='bbox 1133 3782 1261 3843; x_wconf 80' lang='lat' dir='ltr'><strong>afferam.</strong></span> 
     </span>
    </p>

    <p class='ocr_par' dir='ltr' id='par_1_5' title="bbox 368 3880 1603 4781">
     <span class='ocr_line' id='line_1_31' title="bbox 454 3880 1601 3956; baseline -0.003 -10"><span class='ocrx_word' id='word_1_292' title='bbox 454 3887 588 3948; x_wconf 88' lang='lat' dir='ltr'><strong>Secundo</strong></span> <span class='ocrx_word' id='word_1_293' title='bbox 619 3889 684 3948; x_wconf 89' lang='lat' dir='ltr'><strong>loco</strong></span> <span class='ocrx_word' id='word_1_294' title='bbox 715 3888 907 3948; x_wconf 89' lang='lat' dir='ltr'><strong>nominandus</strong></span> <span class='ocrx_word' id='word_1_295' title='bbox 938 3891 984 3946; x_wconf 92' lang='lat' dir='ltr'><strong>est</strong></span> <span class='ocrx_word' id='word_1_296' title='bbox 1010 3884 1103 3946; x_wconf 89' lang='lat' dir='ltr'><strong>codex</strong></span> <span class='ocrx_word' id='word_1_297' title='bbox 1134 3882 1330 3944; x_wconf 89' lang='lat' dir='ltr'><strong>bibliothecae</strong></span> <span class='ocrx_word' id='word_1_298' title='bbox 1352 3880 1601 3956; x_wconf 81' lang='lat' dir='ltr'><strong>Guelferbytanae</strong></span> 
     </span>
     <span class='ocr_line' id='line_1_32' title="bbox 369 3983 1601 4066; baseline -0.002 -20"><span class='ocrx_word' id='word_1_299' title='bbox 369 3988 571 4048; x_wconf 89' lang='lat' dir='ltr'><strong>membraneus</strong></span> <span class='ocrx_word' id='word_1_300' title='bbox 592 3985 652 4066; x_wconf 88' lang='grc'><strong>(18.</strong></span> <span class='ocrx_word' id='word_1_301' title='bbox 677 3993 725 4050; x_wconf 90' lang='grc'><strong>16.</strong></span> <span class='ocrx_word' id='word_1_302' title='bbox 747 3988 832 4066; x_wconf 82' lang='lat' dir='ltr'><strong>Aug.)</strong></span> <span class='ocrx_word' id='word_1_303' title='bbox 854 3989 903 4062; x_wconf 87' lang='lat' dir='ltr'><strong>qui</strong></span> <span class='ocrx_word' id='word_1_304' title='bbox 921 3988 1039 4048; x_wconf 88' lang='lat' dir='ltr'><strong>ineunte</strong></span> <span class='ocrx_word' id='word_1_305' title='bbox 1062 3986 1179 4046; x_wconf 85' lang='lat' dir='ltr'><strong>saeculo</strong></span> <span class='ocrx_word' id='word_1_306' title='bbox 1201 3985 1259 4044; x_wconf 88' lang='lat' dir='ltr'><strong>XII</strong></span> <span class='ocrx_word' id='word_1_307' title='bbox 1282 3985 1409 4058; x_wconf 89' lang='lat' dir='ltr'><strong>scriptus</strong></span> <span class='ocrx_word' id='word_1_308' title='bbox 1431 4000 1495 4044; x_wconf 89' lang='lat' dir='ltr'><strong>esse</strong></span> <span class='ocrx_word' id='word_1_309' title='bbox 1517 3983 1601 4043; x_wconf 90' lang='lat' dir='ltr'><strong>uide·</strong></span> 
     </span>
     <span class='ocr_line' id='line_1_33' title="bbox 370 4085 1603 4172; baseline -0.005 -23"><span class='ocrx_word' id='word_1_310' title='bbox 370 4096 418 4150; x_wconf 91' lang='lat' dir='ltr'><strong>tur</strong></span> <span class='ocrx_word' id='word_1_311' title='bbox 449 4085 501 4172; x_wconf 85' lang='lat' dir='ltr'><strong>(ci.</strong></span> <span class='ocrx_word' id='word_1_312' title='bbox 523 4089 632 4168; x_wconf 83' lang='lat' dir='ltr'><strong>Ebert,</strong></span> <span class='ocrx_word' id='word_1_313' title='bbox 662 4091 720 4151; x_wconf 89' lang='lat' dir='ltr'><strong>Zur</strong></span> <span class='ocrx_word' id='word_1_314' title='bbox 742 4089 1080 4152; x_wconf 86' lang='lat' dir='ltr'><strong>Handscbriitenkunde.</strong></span> <span class='ocrx_word' id='word_1_315' title='bbox 1119 4088 1241 4149; x_wconf 88' lang='lat' dir='ltr'><strong>Zweites</strong></span> <span class='ocrx_word' id='word_1_316' title='bbox 1272 4085 1440 4147; x_wconf 68' lang='lat' dir='ltr'><strong>Bandoben.</strong></span> <span class='ocrx_word' id='word_1_317' title='bbox 1478 4085 1603 4160; x_wconf 84' lang='lat' dir='ltr'><strong>Leipzig</strong></span> 
     </span>
     <span class='ocr_line' id='line_1_34' title="bbox 370 4185 1600 4276; baseline -0.007 -19"><span class='ocrx_word' id='word_1_318' title='bbox 370 4199 453 4257; x_wconf 80' lang='grc'><strong>1827</strong></span> <span class='ocrx_word' id='word_1_319' title='bbox 476 4215 504 4270; x_wconf 92' lang='lat' dir='ltr'><strong>p.</strong></span> <span class='ocrx_word' id='word_1_320' title='bbox 528 4199 582 4276; x_wconf 77' lang='lat'><strong>923</strong></span> <span class='ocrx_word' id='word_1_321' title='bbox 612 4195 662 4258; x_wconf 81' lang='lat' dir='ltr'><strong>Fr.</strong></span> <span class='ocrx_word' id='word_1_322' title='bbox 684 4196 913 4276; x_wconf 84' lang='lat' dir='ltr'><strong>Schoenemaun,</strong></span> <span class='ocrx_word' id='word_1_323' title='bbox 943 4187 1076 4275; x_wconf 68' lang='lat' dir='ltr'><strong>puumrt&#39;</strong></span> <span class='ocrx_word' id='word_1_324' title='bbox 1101 4185 1374 4271; x_wconf 80' lang='lat' dir='ltr'><strong>illlcrltutlrblglcitru</strong></span> <span class='ocrx_word' id='word_1_325' title='bbox 1403 4187 1451 4252; x_wconf 78' lang='lat' dir='ltr'><strong>bct</strong></span> <span class='ocrx_word' id='word_1_326' title='bbox 1481 4186 1600 4268; x_wconf 58' lang='lat' dir='ltr'><strong>magog</strong></span> 
     </span>
     <span class='ocr_line' id='line_1_35' title="bbox 369 4288 1601 4378; baseline -0.01 -18"><span class='ocrx_word' id='word_1_327' title='bbox 369 4294 451 4375; x_wconf 70' lang='lat' dir='ltr'><strong>liebru</strong></span> <span class='ocrx_word' id='word_1_328' title='bbox 473 4294 628 4378; x_wconf 66' lang='lat' dir='ltr'><strong>fflibbutbrl</strong></span> <span class='ocrx_word' id='word_1_329' title='bbox 649 4295 680 4361; x_wconf 86' lang='lat' dir='ltr'><strong>iu</strong></span> <span class='ocrx_word' id='word_1_330' title='bbox 701 4295 909 4377; x_wconf 52' lang='lat' dir='ltr'><strong>wulfrubtttrt</strong></span> <span class='ocrx_word' id='word_1_331' title='bbox 952 4295 1104 4376; x_wconf 50' lang='lat' dir='ltr'><strong>&amp;uacare</strong></span> <span class='ocrx_word' id='word_1_332' title='bbox 1127 4295 1209 4355; x_wconf 84' lang='lat'>1849</span> <span class='ocrx_word' id='word_1_333' title='bbox 1231 4310 1260 4366; x_wconf 89' lang='lat' dir='ltr'><strong>p.</strong></span> <span class='ocrx_word' id='word_1_334' title='bbox 1284 4291 1347 4367; x_wconf 83' lang='lat'><strong>35).</strong></span> <span class='ocrx_word' id='word_1_335' title='bbox 1373 4289 1421 4350; x_wconf 87' lang='lat' dir='ltr'><strong>bic</strong></span> <span class='ocrx_word' id='word_1_336' title='bbox 1442 4288 1529 4368; x_wconf 88' lang='lat' dir='ltr'><strong>liber,</strong></span> <span class='ocrx_word' id='word_1_337' title='bbox 1550 4288 1601 4364; x_wconf 90' lang='lat' dir='ltr'><strong>qui</strong></span> 
     </span>
     <span class='ocr_line' id='line_1_36' title="bbox 369 4389 1602 4475; baseline -0.004 -19"><span class='ocrx_word' id='word_1_338' title='bbox 369 4396 471 4473; x_wconf 86' lang='lat' dir='ltr'><strong>liguris</strong></span> <span class='ocrx_word' id='word_1_339' title='bbox 494 4404 524 4460; x_wconf 92' lang='lat' dir='ltr'><strong>et</strong></span> <span class='ocrx_word' id='word_1_340' title='bbox 545 4400 654 4460; x_wconf 90' lang='lat' dir='ltr'><strong>litteris</strong></span> <span class='ocrx_word' id='word_1_341' title='bbox 677 4402 780 4475; x_wconf 87' lang='lat' dir='ltr'><strong>primis</strong></span> <span class='ocrx_word' id='word_1_342' title='bbox 802 4399 892 4462; x_wconf 89' lang='lat' dir='ltr'><strong>minio</strong></span> <span class='ocrx_word' id='word_1_343' title='bbox 915 4401 1065 4473; x_wconf 89' lang='lat' dir='ltr'><strong>eleganter</strong></span> <span class='ocrx_word' id='word_1_344' title='bbox 1086 4395 1174 4470; x_wconf 91' lang='lat' dir='ltr'><strong>pictis</strong></span> <span class='ocrx_word' id='word_1_345' title='bbox 1197 4397 1318 4454; x_wconf 89' lang='lat' dir='ltr'><strong>omatus</strong></span> <span class='ocrx_word' id='word_1_346' title='bbox 1341 4397 1401 4472; x_wconf 85' lang='lat' dir='ltr'><strong>est,</strong></span> <span class='ocrx_word' id='word_1_347' title='bbox 1422 4397 1538 4452; x_wconf 90' lang='lat' dir='ltr'><strong>constat</strong></span> <span class='ocrx_word' id='word_1_348' title='bbox 1559 4389 1602 4451; x_wconf 83' lang='lat' dir='ltr'><strong>fo·</strong></span> 
     </span>
     <span class='ocr_line' id='line_1_37' title="bbox 368 4494 1599 4570; baseline -0.007 -10"><span class='ocrx_word' id='word_1_349' title='bbox 368 4502 417 4560; x_wconf 90' lang='lat' dir='ltr'><strong>liis</strong></span> <span class='ocrx_word' id='word_1_350' title='bbox 434 4501 550 4561; x_wconf 83' lang='lat' dir='ltr'>XXXV</span> <span class='ocrx_word' id='word_1_351' title='bbox 572 4502 602 4560; x_wconf 92' lang='lat' dir='ltr'><strong>in</strong></span> <span class='ocrx_word' id='word_1_352' title='bbox 625 4501 721 4561; x_wconf 86' lang='lat' dir='ltr'><strong>forma</strong></span> <span class='ocrx_word' id='word_1_353' title='bbox 744 4505 802 4564; x_wconf 68' lang='lat'><strong>8⁸·</strong></span> <span class='ocrx_word' id='word_1_354' title='bbox 823 4504 933 4562; x_wconf 87' lang='lat' dir='ltr'><strong>maiore</strong></span> <span class='ocrx_word' id='word_1_355' title='bbox 956 4544 964 4561; x_wconf 92' lang='lat'><strong>.</strong></span> <span class='ocrx_word' id='word_1_356' title='bbox 985 4501 1016 4558; x_wconf 89' lang='lat' dir='ltr'><strong>iu</strong></span> <span class='ocrx_word' id='word_1_357' title='bbox 1038 4496 1102 4557; x_wconf 88' lang='lat' dir='ltr'><strong>lolii</strong></span> <span class='ocrx_word' id='word_1_358' title='bbox 1124 4497 1212 4570; x_wconf 90' lang='lat' dir='ltr'><strong>primi</strong></span> <span class='ocrx_word' id='word_1_359' title='bbox 1233 4495 1341 4570; x_wconf 87' lang='lat' dir='ltr'><strong>pagina</strong></span> <span class='ocrx_word' id='word_1_360' title='bbox 1367 4494 1463 4568; x_wconf 87' lang='lat' dir='ltr'><strong>prima</strong></span> <span class='ocrx_word' id='word_1_361' title='bbox 1484 4509 1599 4552; x_wconf 86' lang='lat' dir='ltr'><strong>erasum</strong></span> 
     </span>
     <span class='ocr_line' id='line_1_38' title="bbox 369 4585 1600 4681; baseline -0.006 -21"><span class='ocrx_word' id='word_1_362' title='bbox 369 4607 414 4661; x_wconf 84' lang='lat' dir='ltr'><strong>est</strong></span> <span class='ocrx_word' id='word_1_363' title='bbox 436 4619 539 4661; x_wconf 89' lang='lat' dir='ltr'><strong>nomon</strong></span> <span class='ocrx_word' id='word_1_364' title='bbox 562 4603 629 4681; x_wconf 92' lang='lat' dir='ltr'><strong>loci,</strong></span> <span class='ocrx_word' id='word_1_365' title='bbox 661 4601 711 4663; x_wconf 93' lang='lat' dir='ltr'><strong>ubi</strong></span> <span class='ocrx_word' id='word_1_366' title='bbox 743 4604 813 4663; x_wconf 89' lang='lat' dir='ltr'><strong>olim</strong></span> <span class='ocrx_word' id='word_1_367' title='bbox 840 4603 888 4663; x_wconf 90' lang='lat' dir='ltr'><strong>bic</strong></span> <span class='ocrx_word' id='word_1_368' title='bbox 916 4601 1008 4663; x_wconf 87' lang='lat' dir='ltr'><strong>codex</strong></span> <span class='ocrx_word' id='word_1_369' title='bbox 1030 4597 1189 4677; x_wconf 75' lang='lat' dir='ltr'><strong>habitauit,</strong></span> <span class='ocrx_word' id='word_1_370' title='bbox 1215 4601 1337 4658; x_wconf 91' lang='lat' dir='ltr'><strong>restant·</strong></span> <span class='ocrx_word' id='word_1_371' title='bbox 1352 4593 1445 4657; x_wconf 88' lang='lat' dir='ltr'><strong>uerba</strong></span> <span class='ocrx_word' id='word_1_372' title='bbox 1462 4585 1536 4654; x_wconf 82' lang='lat' dir='ltr'><strong>‘iste</strong></span> <span class='ocrx_word' id='word_1_373' title='bbox 1557 4591 1600 4652; x_wconf 89' lang='lat' dir='ltr'><strong>lib</strong></span> 
     </span>
     <span class='ocr_line' id='line_1_39' title="bbox 369 4696 1018 4781; baseline 0 -19"><span class='ocrx_word' id='word_1_374' title='bbox 369 4747 498 4769; x_wconf 86' lang='grc'><strong>.....</strong></span> <span class='ocrx_word' id='word_1_375' title='bbox 521 4696 666 4778; x_wconf 85' lang='lat' dir='ltr'><strong>Lirpoldi&#39;</strong></span> <span class='ocrx_word' id='word_1_376' title='bbox 691 4703 796 4781; x_wconf 91' lang='lat' dir='ltr'><strong>incipit</strong></span> <span class='ocrx_word' id='word_1_377' title='bbox 818 4704 868 4765; x_wconf 87' lang='lat' dir='ltr'><strong>iol.</strong></span> <span class='ocrx_word' id='word_1_378' title='bbox 892 4708 908 4766; x_wconf 91' lang='lat'>1</span> <span class='ocrx_word' id='word_1_379' title='bbox 933 4704 953 4763; x_wconf 88' lang='lat' dir='ltr'><strong>b</strong></span> <span class='ocrx_word' id='word_1_380' title='bbox 976 4703 1018 4764; x_wconf 90' lang='lat' dir='ltr'><strong>sic</strong></span> 
     </span>
    </p>
   </div>
   <div class='ocr_carea' id='block_1_4' title="bbox 719 4834 1266 5070">
    <p class='ocr_par' dir='ltr' id='par_1_6' title="bbox 719 4834 1266 5070">
     <span class='ocr_line' id='line_1_40' title="bbox 817 4834 1266 4904; baseline -0.016 0"><span class='ocrx_word' id='word_1_381' title='bbox 817 4839 944 4904; x_wconf 82' lang='lat' dir='ltr'><strong>(llNVS.</strong></span> <span class='ocrx_word' id='word_1_382' title='bbox 966 4839 1007 4900; x_wconf 81' lang='lat' dir='ltr'><strong>M.</strong></span> <span class='ocrx_word' id='word_1_383' title='bbox 1029 4834 1110 4903; x_wconf 89' lang='lat' dir='ltr'><strong>labio</strong></span> <span class='ocrx_word' id='word_1_384' title='bbox 1133 4838 1266 4900; x_wconf 87' lang='lat' dir='ltr'><strong>salutem.</strong></span> 
     </span>
     <span class='ocr_line' id='line_1_41' title="bbox 719 4847 1105 5070; baseline -0.016 -11"><span class='ocrx_word' id='word_1_385' title='bbox 719 4847 855 5070; x_wconf 71' lang='lat' dir='ltr'><strong>Gtsi</strong></span> <span class='ocrx_word' id='word_1_386' title='bbox 876 5000 907 5057; x_wconf 88' lang='lat' dir='ltr'><strong>te</strong></span> <span class='ocrx_word' id='word_1_387' title='bbox 929 4994 1026 5057; x_wconf 89' lang='lat' dir='ltr'><strong>studio</strong></span> <span class='ocrx_word' id='word_1_388' title='bbox 1050 4998 1105 5054; x_wconf 82' lang='lat' dir='ltr'><strong>etc.</strong></span> 
     </span>
    </p>
   </div>
   <div class='ocr_carea' id='block_1_5' title="bbox 0 0 2014 5910">
    <p class='ocr_par' dir='ltr' id='par_1_7' title="bbox 0 0 2014 5910">
     <span class='ocr_line' id='line_1_42' title="bbox 0 0 2014 5910; baseline 0 0"><span class='ocrx_word' id='word_1_389' title='bbox 0 0 2014 5910; x_wconf 95' lang='lat' dir='ltr'><strong> </strong></span> 
     </span>
    </p>
   </div>
  </div>
 </body>
</html>
