4016 5914
1268 699 1270 706 .
1469 693 1474 706 ι
1565 703 1580 724 Γ
1617 685 1655 714 Ὶ”’

806 693 1274 806 x-ur--'‘

428 964 431 968 .
470 904 519 970 De
537 909 662 970 cratera
681 910 785 970 autem
802 905 884 972 hano
901 904 1069 974 historiam
1086 907 1284 992 Phylarchus
1301 908 1420 975 scribit.
1460 910 1497 975 In
1516 910 1613 977 (lher-

371 1023 499 1096 soneso
522 1024 604 1088 quae
627 1004 759 1072 confinis
781 1012 831 1073 est
848 1005 973 1090 Troiae,
994 1009 1050 1074 uhi
1067 1009 1238 1076 Protesilai
1255 1009 1438 1091 sepulerum
1457 1015 1613 1078 statutum

385 1106 553 1188 conplures
576 1105 738 1189 dixerunt,
760 1106 836 1173 urbs
857 1108 997 1175 Elaeuse
1027 1109 1154 1174 nomine
1186 1109 1304 1176 dieitur
1325 1158 1333 1175 .
1354 1111 1388 1176 in
1411 1130 1475 1194 qua
1495 1112 1613 1178 Demo·

384 1209 470 1290 phon
493 1209 622 1290 quidam
645 1227 716 1274 oum
738 1214 896 1292 regnaret,
916 1209 1029 1276 incidit
1050 1230 1161 1278 eorum
1183 1209 1299 1278 finibus
1320 1214 1488 1295 repentina
1510 1216 1613 1281 uasti·

386 1321 437 1377 tas
460 1317 493 1377 et
514 1311 797 1378 ciuium'interitio
829 1312 976 1378 miranda
997 1361 1004 1376 .
1027 1331 1091 1396 qua
1121 1332 1157 1378 re
1178 1313 1403 1397 Demophonta
1432 1316 1656 1398 permotumh

384 1412 491 1479 ierunt
503 1412 628 1478 misisse
641 1415 682 1479 ad
691 1413 850 1495 Apollinis
863 1411 1027 1480 oroo'nlum
1042 1414 1225 1496 quaerentis
1238 1414 1413 1480 remedium
1429 1417 1591 1483 uastitatis
1606 1467 1612 1481 .

384 1533 538 1596 responso
562 1521 670 1580 autem
692 1515 782 1596 dato,
803 1520 841 1581 ut
862 1517 1032 1599 quotannis
1055 1535 1118 1581 una
1141 1516 1181 1581 de
1202 1516 1357 1582 nobilium
1380 1535 1497 1599 genere
1519 1519 1612 1601 uirgo
1642 1568 1644 1573 ·

347 1685 350 1694 ,
384 1617 445 1680 diis
463 1616 633 1697 penatibus
652 1634 762 1680 eorum
780 1616 1009 1697 immolaretur,
1024 1617 1214 1698 Demophon
1232 1599 1372 1682 omnium
1386 1616 1469 1683 filias
1482 1625 1613 1702 praeter

339 1735 342 1790 l
383 1735 457 1781 suas
480 1721 568 1782 sorte
591 1716 702 1782 ductas
724 1716 944 1797 interficiebat,
965 1736 1067 1800 usque
1089 1719 1165 1782 dum
1183 1718 1309 1783 cuidam
1328 1719 1445 1784 oinium
1462 1720 1533 1786 looo
1556 1738 1612 1786 no·

325 1805 337 1862 ,¹
382 1818 537 1884 bilissimo
561 1838 671 1885 eorum
689 1823 765 1886 nato
783 1820 946 1902 perdoluit
963 1821 1124 1902 inceptum
1142 1820 1374 1903 Demophontis
1393 1868 1400 1884 .
1418 1821 1474 1905 qui
1491 1799 1610 1906 n'egar'e
1631 1827 1688 1894 10,

316 1919 318 1928 ’
384 1922 490 2004 coepit
522 1922 561 1986 de
592 1940 650 1987 sua
680 1920 745 1986 filia
772 1941 807 1988 se
837 1941 1007 2004 passurum
1038 1923 1162 2004 sortiri,
1192 1923 1253 1988 nisi
1285 1923 1397 1988 eodem
1418 1923 1504 2006 regis
1526 1923 1612 1991 filiae

383 2029 490 2088 essent
512 2023 673 2088 coniectae
695 2069 703 2085 .
726 2042 788 2104 quo
811 2023 896 2088 iuoto
919 2043 975 2088 rex
997 2029 1176 2105 permotus,
1203 2024 1290 2088 illius
1312 2023 1409 2088 filiam
1431 2026 1500 2090 sine
1522 2031 1612 2090 sorte

384 2123 510 2186 ductam
533 2121 693 2188 interiecit
715 2171 720 2184 .
744 2123 830 2204 quod
848 2123 1023 2188 hlastusius
1045 2123 1181 2202 nomine,
1202 2123 1337 2204 uirginis
1355 2129 1457 2204 pater,
1478 2123 1611 2189 instanti

383 2231 526 2306 lorrrporo
549 2224 713 2289 sinurhmit
734 2242 769 2288 se
788 2223 912 2307 patriae
931 2243 1027 2289 carrea
1045 2243 1107 2289 uon
1127 2241 1222 2305 aegro
1240 2222 1326 2289 ferre
1344 2222 1461 2288 iactuum
1478 2225 1612 2306 (potuis-

381 2333 431 2392 set
453 2327 536 2392 enim
559 2334 674 2408 postea
695 2332 783 2408 sorte
806 2327 903 2392 dueta
924 2326 1130 2392 nihilominus
1152 2326 1305 2407 interire):
1336 2326 1423 2408 quod
1452 2326 1609 2409 paulatim
1629 2331 1669 2398 15

381 2427 449 2491 dies
471 2428 539 2508 regi
561 2428 594 2491 in
617 2427 810 2493 obliuionem
832 2429 1011 2510 perduxit.
1033 2427 1142 2509 itaque
1164 2445 1235 2492 oum
1266 2444 1302 2491 se
1327 2445 1430 2508 prope
1456 2427 1609 2492 amicissi·
1676 2437 1678 2442 “

381 2547 466 2593 rnmn
489 2527 557 2609 regi
577 2528 710 2610 uirginis
729 2534 821 2611 poter
840 2528 1041 2611 ostendisset,
1058 2528 1213 2594 sollemne
1230 2527 1419 2594 sacrificium
1437 2546 1472 2595 se
1490 2528 1610 2594 habere

381 2630 469 2707 dixit,
492 2648 628 2711 eumque
651 2636 684 2694 et
704 2629 786 2695 filias
809 2630 878 2695 eius
900 2630 941 2695 ad
963 2630 995 2696 id
1015 2629 1245 2696 conficiendum
1262 2629 1414 2695 inuitauit
1431 2676 1438 2691 .
1457 2630 1512 2712 qui
1529 2629 1610 2695 nihil

380 2731 474 2796 aliter
495 2730 638 2796 futurum
671 2733 867 2823 suspicatus,
894 2731 976 2796 filias
998 2737 1073 2797 ante
1095 2731 1195 2812 misit,
1225 2735 1262 2797 ut
1283 2731 1353 2813 ipse
1380 2736 1554 2813 occupatus
1575 2731 1609 2795 in

380 2851 415 2897 re
437 2832 526 2899 ciuili
548 2839 661 2916 postea
678 2834 805 2899 ueniret
826 2881 833 2895 .
856 2833 942 2916 quod
965 2851 1036 2898 oum
1060 2851 1098 2898 ex
1121 2836 1232 2916 optato
1251 2833 1407 2898 Mastusia
1430 2832 1608 2914 accidisset,
1626 2821 1669 2906 20

379 2934 460 3001 filios
483 2937 568 3020 rogis
596 2935 756 3002 interiecit
787 2941 821 3002 et
850 2937 1037 3020 sanguinem
1069 2941 1178 3002 earum
1209 2954 1281 3002 oum
1312 2936 1387 3001 uino
1419 2935 1452 3000 in
1483 2941 1610 3003 cratera

377 3041 511 3106 mixtum
534 3040 718 3106 aduenienti
748 3040 818 3123 regi
848 3059 908 3122 pro
931 3039 1063 3123 potione
1094 3039 1164 3105 dari
1195 3038 1317 3105 iussit.
1341 3039 1396 3122 qui
1427 3056 1499 3104 cum
1526 3037 1609 3104 filias

446 3261 471 3314 D
499 3266 513 3315 l
532 3260 640 3315 storiam
667 3259 804 3328 philnrnus
823 3260 828 3326 Ι
847 3264 863 3315 3
882 3258 994 3328 flagirma
1013 3261 1018 3328 Ι
1037 3259 1179 3329 demiphon
1194 3259 1199 3326 Ι
1214 3264 1230 3316 5
1248 3258 1368 3314 interioio
1384 3259 1389 3328 Ι
1403 3257 1582 3328 demiphonda
1601 3258 1605 3327 l

376 3351 394 3404 6
411 3361 524 3418 querens
538 3349 544 3416 Ι
559 3352 592 3403 17
609 3346 721 3414 uirginis
737 3353 815 3416 pater
837 3347 894 3415 regi
909 3349 914 3415 Ι
928 3347 1052 3402 solemne.
1066 3346 1138 3401 -G
1158 3354 1170 3402 1
1189 3345 1329 3416 phylartus
1344 3345 1349 3414 Ι
1364 3351 1380 3401 3
1397 3344 1499 3412 limnas
1512 3343 1518 3411 Ι
1532 3343 1608 3398 dimi-

375 3432 466 3500 phona
485 3434 489 3499 Ι
509 3436 526 3488 6
544 3447 674 3499 quaerens
688 3432 693 3500 Ι
708 3436 725 3486 7
742 3447 796 3486 una
813 3447 828 3485 e
847 3434 852 3499 Ι
871 3436 888 3487 9
908 3431 1001 3486 ductas
1018 3448 1068 3487 om.
1088 3434 1093 3500 1
1115 3437 1145 3487 11
1164 3431 1198 3486 da
1216 3446 1264 3486 sua
1286 3430 1348 3503 nfilia
1372 3428 1463 3500 oepitl
1479 3435 1512 3485 13
1529 3435 1607 3499 pater

375 3517 487 3584 uirginis
501 3518 506 3584 l
523 3519 554 3572 16
573 3516 648 3572 duxit
662 3517 666 3583 Ι
681 3531 764 3585 prope
782 3532 833 3572 om.
848 3519 855 3585 Ι
871 3522 903 3572 17
921 3516 1087 3585 sollempne!
1104 3519 1136 3572 19
1153 3516 1227 3570 aliud
1241 3517 1246 3583 1
1261 3519 1296 3572 20
1312 3514 1450 3585 exoptanti
1465 3517 1470 3583 Ι
1485 3521 1517 3570 21
1536 3514 1608 3584 regis

374 3601 444 3656 filias
461 3601 613 3668 interemit!
628 3607 662 3657 22
679 3601 857 3671 proportione.

444 3812 457 3861 1
477 3805 549 3872 uulg.
567 3805 706 3859 Pilarohus
732 3804 766 3859 of.
785 3820 866 3875 supra
883 3823 909 3875 p.
927 3809 944 3862 t
963 3805 968 3872 l
988 3805 1159 3860 chersonenso
1177 3804 1202 3859 D
1217 3804 1241 3859 (1
1262 3806 1267 3872 Ι
1287 3804 1394 3873 Dnulg.
1412 3804 1581 3873 sepulchrum
1601 3811 1606 3880 Ι

373 3895 390 3946 3
408 3888 493 3958 eonpl.
511 3889 536 3942 D
554 3888 625 3956 unlg.
644 3889 738 3958 compl.
754 3891 760 3952 l
774 3888 847 3957 orig,
865 3887 999 3958 Phlagnsa
1017 3925 1024 3940 .
1042 3887 1113 3957 quod
1130 3886 1204 3956 dedi,
1222 3887 1308 3942 uoluit
1325 3889 1359 3942 is.
1378 3888 1496 3943 Vossius.
1514 3888 1608 3944 eadem

373 3973 437 4028 urhe
459 3973 492 4028 ah
514 3972 649 4028 Herodoto
667 3977 692 4035 6,
713 3977 762 4030 110
783 3972 895 4042 aliisquo
916 3972 1016 4027 lilaeus
1038 3977 1151 4026 uooatur
1169 4012 1175 4026 .
1193 3971 1240 4026 sed
1256 3965 1399 4042 Ἐλαιοῦς,
1423 3967 1607 4042 Ἐλαιοῦσσα,

369 4053 508 4115 Ἐλεοῦσα
535 4060 616 4115 etiam
642 4063 669 4113 in
695 4059 770 4116 libris
795 4060 897 4128 graecis
922 4057 1119 4114 oonfundnntur
1134 4060 1170 4126 lli
1188 4073 1280 4113 omnes
1306 4057 1426 4113 scribunt
1446 4058 1607 4129 Demiphon,
1681 4093 1683 4098 -

373 4145 420 4201 sed
438 4161 505 4201 uera
524 4145 603 4202 lectio
620 4145 686 4200 mihi
708 4161 766 4201 esse
793 4144 900 4200 uidetur
916 4144 1073 4216 Demophon
1091 4184 1097 4198 .
1115 4159 1179 4200 sano
1197 4144 1347 4215 Δημοφῶν
1370 4159 1465 4200 nomen
1486 4144 1607 4200 uirorum

372 4231 423 4287 init
442 4273 449 4287 .
468 4232 495 4286 in
514 4232 537 4286 (l
556 4231 582 4285 h.
600 4231 617 4286 l.
636 4238 678 4286 ost
694 4231 851 4302 demophon,
869 4231 897 4286 in
913 4247 985 4301 seqq.
1004 4237 1092 4286 autem
1118 4229 1260 4301 demiphon
1275 4233 1280 4298 Ι
1296 4235 1312 4288 11
1329 4229 1377 4285 int.
1394 4228 1458 4285 DG
1475 4228 1548 4298 nnlg.
1567 4230 1606 4285 in-

372 4319 492 4374 ternecio
508 4321 512 4386 Ι
528 4323 545 4375 t
562 4334 653 4388 quaer.
672 4322 688 4374 3
706 4317 755 4388 1113
782 4318 854 4387 unlg.
874 4309 1006 4389 'quaerens
1024 4360 1030 4374 .
1049 4316 1087 4372 M.
1111 4316 1197 4372 noluit
1222 4316 1446 4387 quadromonte
1463 4315 1606 4386 demiphon
1672 4384 1674 4390 Ι

369 4412 463 4460 autem
481 4405 506 4458 D
521 4405 544 4460 o
559 4406 565 4473 l
580 4409 597 4461 u
614 4404 703 4460 interi.
722 4412 764 4460 est
780 4403 966 4474 imperfectum
983 4412 1094 4460 conatus
1108 4404 1113 4472 1
1129 4408 1162 4458 12
1175 4411 1326 4472 corrneetae,
1346 4403 1446 4458 lVoss.
1462 4409 1467 4465 Ι
1484 4406 1515 4458 13
1533 4401 1606 4471 unlg.

373 4490 505 4544 Matusius
525 4490 551 4545 h.
566 4490 583 4546 l.
597 4497 625 4544 et
642 4489 669 4544 in
687 4504 758 4559 seqq.
777 4505 826 4544 nee
842 4490 921 4544 aliter
937 4489 1057 4545 scribunt
1073 4488 1098 4541 D
1112 4487 1292 4543 G.Mastusia
1304 4487 1514 4556 promontorium
1523 4487 1606 4542 (lher-

372 4576 458 4632 ronosi
485 4583 705 4632 commemoratur
731 4575 832 4633 aPlin.
850 4576 885 4631 11.
898 4573 931 4633 N.
949 4580 975 4647 4,
995 4578 1027 4633 18
1045 4575 1157 4644 aliisque
1174 4616 1181 4629 .
1199 4572 1344 4628 Mastusius
1369 4572 1397 4626 h.
1418 4569 1438 4628 1.
1459 4571 1514 4626 iam
1540 4572 1606 4627 sori·

373 4669 464 4734 pserat
481 4663 606 4735 Micyllus
622 4667 626 4729 l
641 4664 751 4720 instanti
778 4663 795 4718 i.
813 4680 836 4720 e.
855 4662 987 4735 praesenti
1002 4663 1007 4731 Ι
1024 4665 1057 4718 14
1075 4677 1127 4716 non
1154 4659 1225 4716 ferre
1251 4659 1302 4714 hae
1319 4674 1348 4714 re
1366 4657 1465 4714 laetum
1483 4659 1508 4713 D
1527 4698 1533 4715 .
1552 4675 1605 4728 quo

372 4749 430 4805 loeo
445 4737 506 4804 ‘hae
523 4747 559 4804 ru'
578 4764 718 4819 perperam
736 4750 864 4820 seriptum
881 4755 922 4804 est
945 4764 996 4818 pro
1022 4763 1114 4817 aegre,
1141 4746 1175 4803 ei.
1192 4761 1274 4815 supra
1290 4762 1331 4815 ep.
1349 4745 1452 4813 34116
1470 4742 1527 4798 dies
1544 4742 1563 4796 i.
1580 4758 1604 4798 a

371 4836 496 4904 tempus!
514 4838 545 4890 17
564 4842 640 4904 pater
657 4833 768 4903 uirginis
785 4834 850 4904 regi,
868 4835 894 4888 Η
907 4837 914 4904 l
928 4833 985 4890 soll.
1005 4833 1039 4888 oi.
1057 4848 1139 4902 snpra
1151 4850 1177 4902 p.
1192 4835 1225 4886 37
1240 4833 1245 4899 l
1261 4835 1294 4887 19
1310 4845 1364 4886 ooo.
1383 4829 1441 4884 iure
1458 4828 1541 4899 ciuili,
1554 4828 1582 4883 11
1596 4829 1601 4896 l

371 4923 407 4975 10
424 4935 457 4974 ex
475 4925 530 4989 opt.
543 4919 569 4973 D
584 4919 656 4988 nulg.
674 4921 812 4990 exoptanti
827 4921 832 4988 Ι
846 4925 877 4976 21
897 4918 967 4988 regis
984 4917 1009 4972 D
1025 4919 1049 4974 (1
1066 4917 1139 4989 nulg.
1157 4918 1214 4972 eius
1229 4917 1235 4985 Ι
1249 4917 1277 4970 in
1294 4931 1345 4989 om.
1362 4915 1388 4970 D
1402 4915 1427 4969 (1
1441 4915 1447 4982 Ι
1464 4921 1531 4968 orat.
1544 4913 1604 4968 DG

371 5003 443 5070 uulg.
461 5011 564 5058 cratere
583 5041 589 5056 .
609 5003 689 5058 iidem
706 5011 795 5060 tamen
813 5004 840 5058 in
858 5019 929 5074 seqq.
948 5004 1036 5058 haben
1062 4991 1183 5058 ‘emtore'
1201 5001 1327 5071 lpotione
1345 5001 1370 5054 D
1387 4999 1510 5071 portione
1529 4998 1569 5054 St.
