4016 5914
864 726 1096 792 -103-

364 905 385 958 a
406 891 511 957 chelis
529 908 630 973 usque
652 891 694 957 ad
716 889 860 958 Arietem
881 892 1088 974 perueniens,
1109 890 1207 959 elficit
1227 889 1278 957 his
1299 887 1379 957 loeis
1401 905 1458 955 sex
1478 887 1595 956 mensi·
1663 883 1665 890 ’

364 991 424 1058 bus
444 989 610 1071 perpetuis
641 989 739 1071 diem,
768 989 802 1055 in
832 990 948 1073 quibus
979 997 1056 1058 ante
1085 995 1212 1056 noctem
1243 988 1547 1070 demonstrauimus3
1576 1006 1595 1053 e

364 1087 524 1154 contrario
546 1091 653 1153 autem
675 1093 802 1155 noctem
823 1089 883 1171 iris,
904 1089 959 1171 qui
980 1091 1080 1155 boreo
1101 1089 1176 1171 polo
1200 1093 1275 1154 sunt
1295 1087 1431 1171 proximi
1449 1131 1458 1150 .
1475 1088 1533 1153 sed
1555 1087 1596 1152 de

363 1188 424 1256 hoc
446 1193 521 1254 ante
544 1187 682 1254 diximus
699 1234 708 1250 .
725 1205 829 1271 neque
852 1188 936 1254 enim
958 1189 1074 1254 mirum
1097 1193 1147 1254 est
1167 1187 1228 1253 hac
1250 1186 1459 1253 collocatione
1477 1185 1595 1269 sphae-

364 1307 420 1354 rae
441 1287 475 1353 id
497 1287 628 1354 euenire
650 1335 658 1351 .
681 1292 788 1354 erecto
812 1287 895 1353 enim
916 1289 1014 1354 boreo
1037 1288 1112 1370 polo
1134 1305 1239 1370 neque
1260 1305 1412 1370 umquam
1431 1287 1595 1353 occidente
1613 1284 1634 1351 5

364 1389 480 1468 euenit,
500 1391 537 1452 ut
559 1405 695 1470 corpora
717 1407 853 1470 quoque,
875 1406 957 1470 quae
980 1389 1009 1453 ei
1027 1388 1176 1471 proxima
1198 1391 1273 1452 sunt
1294 1386 1422 1469 circulo,
1444 1393 1516 1454 sero
1540 1405 1596 1452 oc-

364 1487 469 1554 cidere
490 1486 663 1554 uideantur
681 1535 689 1552 .
705 1487 739 1554 id
762 1506 800 1555 ex
821 1488 882 1554 hoc
903 1488 1091 1571 intellegere
1112 1487 1234 1554 licebit:
1263 1506 1335 1553 cum
1361 1487 1394 1554 in
1421 1486 1473 1554 his
1494 1487 1596 1569 parti·

364 1589 423 1656 bus
445 1587 603 1673 sphaerae
621 1587 793 1671 habitetur,
815 1607 898 1671 quse
914 1607 991 1671 pars
1009 1593 1060 1655 est
1076 1589 1116 1655 ab
1134 1587 1259 1656 aestiuo
1278 1589 1395 1654 circulo
1414 1589 1456 1655 ad
1475 1588 1595 1669 orbem,

363 1691 417 1774 qui
440 1690 576 1757 arcticos
599 1694 746 1773 uocatur,
768 1695 801 1756 ot
823 1690 864 1756 dc
881 1688 1000 1756 arctico
1024 1689 1152 1772 circulo,
1174 1689 1236 1756 hoc
1257 1695 1307 1756 est
1329 1693 1369 1756 de
1392 1688 1516 1756 duabus
1534 1687 1602 1754 Ur·-

364 1792 408 1860 sis
431 1798 465 1860 ot
485 1793 642 1876 Dracone,
664 1797 760 1877 caput
781 1792 938 1860 Draconis
960 1792 1096 1860 maxime
1117 1792 1177 1859 niti
1199 1793 1270 1877 ipso
1294 1791 1413 1860 circulo
1435 1790 1594 1874 uideatur,
1612 1791 1654 1856 10

363 1897 410 1966 ita
431 1902 468 1964 ut
489 1897 517 1964 is
539 1897 594 1982 qui
611 1897 794 1983 Engonasin
817 1902 961 1982 nocetur,
982 1895 1066 1964 inter
1087 1897 1246 1965 aestiuum
1269 1901 1302 1964 ct
1323 1895 1476 1964 arcticum
1498 1893 1597 1963 collo-

365 2008 464 2084 cutus,
487 2005 584 2085 caput
604 2003 760 2070 Draconis
791 2019 937 2086 premere
968 2000 1187 2086 intellegetur:
1219 2001 1422 2086 quicumque,
1452 2004 1489 2068 ut
1519 2004 1594 2082 autc
1659 2013 1661 2018 ’

364 2104 509 2185 diximus
530 2104 572 2168 ad
594 2103 696 2185 ipsum
718 2108 815 2185 ceput
835 2103 993 2170 Draconis
1015 2102 1172 2185 habitant,
1193 2104 1240 2170 ita
1262 2105 1358 2187 longo
1381 2103 1433 2170 die
1451 2106 1596 2182 utuntur,

363 2211 400 2272 ut
421 2225 460 2272 ne
483 2205 579 2272 tertia
602 2205 729 2288 quidem
752 2205 850 2272 horae
873 2224 948 2290 pers
965 2205 998 2270 in
1020 2224 1212 2289 unaquaque
1235 2210 1329 2272 nocte
1350 2205 1401 2271 his
1424 2203 1595 2288 obtingat.

362 2309 470 2393 itaque
493 2309 613 2375 Aratus
635 2307 694 2374 ait:
1613 2302 1654 2370 15

560 2450 652 2534 κείνη
676 2469 744 2512 που
767 2440 899 2534 κεφαλή
921 2448 961 2531 τῇ
984 2450 1130 2512 uetuerat
1151 2437 1207 2532 ᾗχί
1228 2469 1295 2532 περ
1318 2441 1419 2530 ἄκραι

560 2551 735 2633 μίσγονται
757 2545 868 2626 δύσιές
889 2571 926 2614 τε
949 2549 1006 2614 καὶ
1029 2541 1167 2614 ἀντολαὶ
1188 2542 1361 2636 ἀλλήλῃσι.

363 2682 446 2749 idem
472 2684 584 2749 Cicero
608 2682 697 2748 dicit:

515 2816 601 2900 quod
624 2821 721 2900 caput
742 2816 794 2882 hic
816 2816 950 2899 paulum
972 2833 1042 2882 sose
1064 2816 1236 2898 subitoque
1258 2770 1412 2898 recondit,
1512 2806 1515 2824 '

515 2923 605 2985 ortus
626 2918 681 2984 ubi
704 2922 802 3000 atque
824 2917 931 2984 obitus
953 2921 1046 3000 porte
1068 2915 1285 2984 admiscentur
1306 2917 1338 2984 in
1360 2937 1433 2984 una.
1609 2932 1653 2997 20

362 3055 402 3121 de
424 3054 485 3120 hoc
502 3054 663 3120 Homerus
682 3071 809 3136 quoque
832 3053 865 3118 in
884 3053 1028 3137 Odyssea
1049 3053 1096 3119 ita
1116 3054 1249 3121 breuem
1271 3060 1398 3121 noctem
1417 3054 1496 3122 dicit
1516 3073 1596 3138 esse,

361 3161 398 3222 ut
428 3159 575 3238 pastores
606 3173 678 3220 cum
708 3154 764 3220 alii
796 3153 934 3237 exigant,
965 3154 1021 3220 alii
1050 3155 1207 3222 reducant
1235 3174 1347 3239 pecus,
1377 3157 1482 3240 possit
1511 3157 1594 3223 alius

358 3257 457 3323 alium
479 3256 600 3339 audire,
621 3275 692 3322 cum
714 3275 797 3324 unus
819 3261 954 3340 propter
976 3261 1101 3323 noctem
1123 3275 1221 3339 pecus
1242 3258 1386 3341 reducat,
1407 3259 1490 3326 alter
1518 3277 1593 3342 pro·

361 3363 435 3442 pter
458 3358 563 3423 lucem
585 3357 721 3441 exigat.
746 3357 802 3424 scd
825 3375 884 3423 nos
907 3357 948 3424 ad
970 3358 1171 3441 propositum
1193 3363 1404 3426 reuertamur.

443 3459 489 3525 lv
520 3460 647 3526 Tertius
669 3459 709 3526 ub
732 3460 857 3527 aestiuo
879 3460 1008 3542 circulo,
1029 3460 1083 3543 qui
1106 3460 1253 3527 hiemalis
1274 3467 1423 3544 uocatur,
1448 3462 1499 3529 lris
1521 3481 1592 3532 cor·
1609 3449 1654 3516 25

359 3562 493 3649 poribus
517 3568 550 3631 ct
567 3583 678 3630 eoruru
700 3563 845 3648 prutibns
868 3561 979 3630 linitur·
1001 3613 1007 3628 .
1030 3582 1104 3630 nuru
1126 3563 1264 3632 111111111111
1289 3563 1518 3650 Capricornum
1546 3566 1593 3633 di-

359 3667 472 3734 uidcns
491 3671 524 3734 et
541 3667 640 3751 pedes
658 3667 802 3751 Aquarii,
819 3685 878 3750 pur
896 3667 1031 3733 caudam
1048 3665 1193 3734 Pistricis
1211 3675 1248 3736 ut
1267 3669 1420 3737 traiectus
1437 3670 1593 3738 uidetur.

361 3769 478 3835 diuidit
500 3768 596 3836 etiarn
615 3768 773 3851 Leporem
795 3761 1010 3852 lugientcma
1032 3769 1179 3836 cruribus
1197 3777 1231 3837 et
1248 3773 1387 3855 quadam
1409 3777 1502 3857 parte
1520 3793 1590 3841 cor·

359 3871 460 3956 poris,
491 3874 524 3936 ot
546 3869 642 3936 Canis
664 3869 827 3953 sequentis
849 3871 947 3954 pedes
971 3876 1005 3937 et
1026 3871 1126 3938 Nauis
1148 3870 1250 3955 ipsius
1276 3873 1425 3956 puppim,
1455 3873 1592 3942 Centau-

427 4111 452 4167 D
471 4116 487 4167 2
505 4110 575 4166 diem
592 4125 642 4166 om.
668 4109 674 4180 Ι
702 4110 862 4179 14111111
883 4114 916 4168 19
933 4109 1019 4182 capud
1041 4112 1047 4179 Ι
1066 4109 1205 4180 paululum
1226 4111 1232 4181 Ι
1251 4114 1287 4168 10
1304 4111 1376 4182 ubiq.
1396 4113 1401 4181 Ι
1423 4116 1456 4169 11
1476 4111 1576 4170 clusae

357 4194 1057 4266 (111111111111141111111111111111111
1074 4197 1250 4267 possentltd
1268 4196 1379 4253 Terdec
1396 4203 1444 4254 cst

427 4390 442 4440 7
460 4384 508 4439 int
526 4384 551 4437 D
570 4385 642 4453 uulp.
660 4384 831 4454 intelligere!
848 4389 878 4441 11
897 4384 957 4440 coll.
972 4384 996 4438 D
1015 4383 1088 4455 uulg.
1108 4384 1210 4440 locatus
1224 4387 1230 4455 Ι
1246 4391 1278 4442 12
1295 4385 1344 4442 int
1362 4387 1388 4441 D
1406 4386 1478 4456 uuig.
1492 4385 1590 4442 intolli-

357 4469 559 4537 gaturlueru
591 4469 688 4522 κτοΝ
719 4469 874 4536 repertu
901 4469 943 4523 ue
961 4506 969 4522 .
989 4469 1099 4522 iterur
1129 4469 1450 4543 surrrepoupruu
1479 4471 1590 4526 κειΝκ

358 4553 429 4629 Toy
450 4552 492 4606 ΚΕ
511 4553 675 4620 φΛΛΗΙΝΕ
682 4552 792 4607 iterur
814 4552 927 4606 ΚΙΧΤΙΕ
946 4549 1184 4619 ΡΑΚΡΛ1,(11111
1201 4551 1287 4607 forms
1303 4554 1417 4622 xepctp
1430 4551 1463 4609 cf.
1477 4551 1589 4622 interpr.

357 4634 391 4689 ad
408 4636 456 4690 Ar.
474 4635 573 4691 Phaon.
593 4640 624 4692 61
644 4651 682 4705 sq.
698 4636 703 4704 Ι
717 4634 846 4691 retertur
864 4635 889 4689 D
904 4635 928 4689 (1
945 4635 1019 4704 unlp.
1038 4631 1155 4704 νήχεται
1171 4636 1176 4704 Ι
1192 4641 1225 4692 17
1238 4632 1298 4692 ἀντ.
1317 4643 1367 4693 etc.
1381 4638 1448 4693 haec
1464 4643 1591 4708 corrupta

356 4724 419 4776 sunt
436 4719 464 4774 in
481 4721 506 4774 D
521 4720 545 4775 (1
560 4723 565 4788 Ι
582 4724 614 4777 18
631 4720 702 4775 idem
715 4720 741 4773 D
755 4720 778 4775 G
796 4720 868 4788 uulg.
886 4719 951 4774 item
966 4719 971 4788 Ι
986 4718 1054 4774 dixit
1066 4718 1091 4772 D
1105 4719 1177 4790 culp.
1192 4719 1257 4775 dicit
1272 4721 1278 4788 Ι
1293 4720 1385 4777 Cicero
1397 4721 1431 4776 N.
1446 4720 1479 4776 D.
1498 4725 1523 4792 2,
1536 4722 1587 4790 411

359 4808 391 4861 19
408 4804 479 4874 puul.
503 4804 528 4859 (1
544 4805 615 4874 uulp.
638 4805 756 4875 paullum
771 4804 776 4874 Ι
791 4809 824 4860 21
842 4804 919 4861 Hom.
939 4801 989 4858 0d.
1005 4808 1045 4873 10,
1063 4803 1182 4872 8211111.
1201 4819 1259 4861 esse
1280 4804 1305 4858 D
1327 4805 1400 4874 culp.
1419 4819 1476 4861 essa
1498 4805 1564 4861 dicit
1583 4806 1587 4875 Ι

358 4891 392 4945 25
411 4889 474 4959 Cap.
489 4887 525 4945 lV
545 4891 594 4946 Ar.
612 4889 711 4947 Phaon.
729 4894 781 4947 500
797 4906 854 4960 sqq.
873 4921 905 4931 -
924 4890 957 4944 ln
974 4888 998 4943 (1
1015 4887 1034 4942 i.
1051 4904 1085 4944 m.
1104 4888 1239 4946 adduntur
1256 4890 1333 4947 haee:
1351 4890 1394 4946 De
1411 4891 1519 4948 hiemali
1537 4890 1588 4946 cir-

358 4973 465 5029 circulo.
