3982 5914
698 737 1084 830 v-ea-‘

320 932 362 998 sit
383 931 580 1000 deformatus
602 939 635 1000 et
657 935 791 1002 candum
813 935 933 1001 haheat
952 934 991 996 ιιι
1011 927 1116 1012 Satyri
1135 974 1143 992 .
1161 928 1272 994 dicunt
1294 927 1378 994 enim
1400 927 1546 993 nonnulli

320 1033 404 1097 hune
426 1050 496 1098 esse
519 1032 651 1098 Crotum
679 1034 820 1124 nomine,
851 1029 1034 1116 Euphemes
1056 1029 1222 1094 Musarum
1252 1028 1387 1094 nutricis
1417 1025 1547 1094 filium.

322 1135 358 1196 ut
379 1130 426 1196 ait
447 1129 613 1197 Sositheus
635 1131 872 1215 tragoediarum
896 1131 1048 1213 scriptor,
1074 1147 1146 1194 eum
1169 1127 1363 1194 domicilium
1386 1129 1418 1192 in
1441 1131 1550 1192 monte
1632 1127 1634 1134 ’

319 1231 472 1300 llelicone
493 1231 645 1300 habuisse
675 1239 800 1301 etcum
823 1233 924 1300 Musis
946 1233 1074 1300 solitum
1098 1229 1262 1315 delectari,
1289 1249 1353 1296 non
1376 1247 1549 1312 numquam

322 1334 417 1399 etiam
449 1334 555 1400 studio
587 1334 767 1402 uenationis
799 1334 940 1401 exerceri
970 1382 978 1398 .
1009 1333 1118 1417 itaque
1148 1351 1207 1416 pro
1237 1333 1368 1398 merita¹
1385 1323 1589 1416 diligentiab

321 1454 467 1518 magnam
490 1437 616 1501 laudem
639 1442 833 1521 assecutum
863 1455 936 1502 nam
959 1439 993 1502 et
1015 1434 1215 1502 celerrimum
1246 1435 1278 1500 in
1301 1433 1392 1500 siluis
1423 1439 1457 1501 et
1478 1452 1552 1500 acu·
1585 1470 1587 1472 ·

324 1538 481 1605 tissimum
513 1539 545 1604 in
575 1539 676 1606 musis
706 1539 825 1607 facturn
857 1558 927 1606 esse
953 1586 960 1601 .
989 1557 1048 1622 pro
1081 1556 1144 1621 quo
1175 1535 1282 1604 studio
1314 1535 1400 1604 illius
1429 1537 1550 1621 petisse

306 1643 431 1724 ,Musas
454 1643 495 1708 ab
517 1642 610 1726 Ioue,
641 1646 678 1708 ut
698 1644 731 1708 in
754 1642 862 1726 aliquo
885 1647 1045 1709 astrorum
1068 1661 1201 1708 numero
1228 1660 1301 1708 eum
1324 1640 1550 1707 deformaret.

292 1735 430 1832 sitaque
453 1738 562 1812 Ioue'm
585 1744 712 1832 scelsse3
744 1751 777 1814 et
799 1765 870 1814 curn
903 1745 1009 1813 omnia
1040 1744 1126 1811 illius
1158 1743 1293 1812 artificia
1323 1763 1387 1811 uno
1416 1761 1551 1828 corpore

320 1851 422 1918 ucllct
443 1848 631 1934 significare,
653 1870 748 1917 crura
770 1848 838 1917 cius
861 1850 978 1936 equina
995 1847 1118 1933 iecisse,
1140 1849 1224 1934 quod
1249 1869 1331 1933 equo
1354 1848 1490 1916 multum
1509 1847 1552 1915 sit
1570 1840 1612 1910 10

321 1973 412 2038 usus3
435 1959 469 2021 at
491 1955 625 2038 sagittas
647 1956 839 2038 adiunxisse,
861 1959 899 2021 ut
920 1975 959 2022 ex
982 1956 1032 2022 his
1055 1958 1089 2021 et
1109 1972 1242 2020 acumen
1261 1959 1295 2021 et
1312 1955 1459 2030 celeritas
1482 1954 1552 2019 eius

324 2057 520 2123 uideretur.
544 2058 678 2122 caudam
702 2058 873 2141 satyricam
903 2059 935 2122 in
968 2074 1103 2139 corpore
1124 2056 1245 2137 fixisse,
1276 2056 1362 2138 quod
1392 2056 1455 2121 iam
1487 2073 1551 2120 non
1595 2093 1597 2106 ·

320 2159 424 2224 minus
446 2159 508 2224 hoc
532 2158 629 2225 Croto
652 2159 778 2242 Musae,
800 2178 894 2243 quarn
918 2159 1015 2225 Liber
1038 2157 1161 2240 Satyris
1182 2157 1226 2223 sit
1247 2156 1425 2223 delectatus
1446 2204 1454 2220 .
1476 2160 1552 2222 ante

320 2261 415 2326 huius
437 2261 536 2344 pedes
559 2261 672 2327 stellae
695 2266 770 2328 sunt
792 2280 915 2344 paucae
937 2265 970 2327 at
995 2261 1028 2326 in
1059 2259 1198 2327 rotundo
1231 2257 1442 2341 deformatae,
1472 2277 1552 2342 quas

324 2382 473 2429 coronam
497 2364 566 2428 eius
588 2367 626 2429 ut
646 2363 788 2429 ludentis
811 2364 969 2429 abiectam
992 2364 1137 2429 nonnulli
1160 2363 1318 2429 dixerunt.
1571 2353 1611 2420 15

406 2465 544 2531 XXVIII
575 2465 876 2532 GAPRICORNUS.
911 2465 1015 2530 Huius
1034 2464 1156 2547 effigies
1173 2465 1286 2530 similis
1304 2468 1354 2530 est
1370 2461 1528 2546 Aegipani
1546 2511 1553 2526 .

321 2586 415 2648 quem
437 2566 593 2649 Iuppiter,
615 2566 701 2648 quod
721 2585 791 2631 oum
811 2585 848 2632 eo
869 2571 939 2632 erat
956 2566 1106 2642 nutritus.
1123 2565 1156 2630 in
1175 2564 1334 2631 sideribus
1352 2582 1422 2630 esse
1439 2563 1553 2646 uoluit,
1621 2617 1622 2622 ,

319 2671 357 2730 ιιι
379 2684 507 2752 capram
530 2667 698 2747 nutricem,
720 2668 759 2731 de
783 2685 846 2748 qua
867 2671 942 2732 anta
963 2667 1099 2731 diximus
1118 2714 1125 2729 .
1143 2666 1195 2731 hie
1217 2666 1314 2731 etiam
1333 2665 1458 2746 dicitur,
1480 2684 1553 2732 curn

320 2765 467 2849 Iuppiter
489 2765 621 2830 Titanas
644 2766 858 2849 obpugnaret,
888 2767 1010 2849 pulmus
1043 2765 1197 2832 obiecisse
1227 2763 1374 2832 hostibus
1395 2766 1553 2848 timorem,

323 2867 377 2951 qui
400 2865 542 2946 πανικός
565 2869 757 2951 appellatur,
779 2874 815 2935 ut
837 2869 884 2935 uit
908 2867 1138 2936 Eratosthenes
1161 2914 1168 2931 .
1190 2866 1251 2934 hac
1273 2866 1369 2933 etium
1393 2868 1433 2934 de
1456 2886 1553 2933 causa
1569 2861 1612 2928 20

324 2972 391 3038 eius
414 2970 596 3038 inferiorern
620 2977 745 3055 partem
763 2972 861 3057 piscis
880 2991 949 3040 esse
967 2970 1200 3054 formationem,
1221 2975 1256 3037 et
1273 2970 1359 3054 qnod
1378 2971 1552 3064 muricibus

319 3075 428 3142 hostes
451 3075 493 3140 sit
515 3075 672 3140 iaculatus
694 3096 754 3158 pro
777 3076 919 3160 lapidum
937 3075 1109 3143 iactatione
1128 3125 1134 3138 .
1152 3074 1303 3158 Aegyptii
1320 3069 1429 3142 autern
1447 3094 1551 3142 sacar·

323 3180 415 3246 <lotos
438 3183 471 3244 ct
492 3178 637 3243 nonnulli
659 3184 776 3261 poetae
800 3180 924 3263 dicunt,
949 3199 1020 3246 curn
1043 3177 1224 3261 complures
1247 3178 1289 3246 dii
1313 3179 1345 3243 In
1369 3180 1550 3262 Aegyptum
1584 3225 1585 3230 κ

322 3283 559 3364 ιιοιιιιοιιιιιοιιι,
590 3286 722 3366 rcpcnto
748 3284 933 3367 peruenisse
956 3283 1067 3349 eodcur
1090 3281 1259 3367 Typhona,
1289 3282 1478 3349 acerrimum
1501 3280 1551 3366 gi-

320 3389 418 3471 ganta
440 3390 473 3454 ot
495 3385 630 3454 ruraxinrc
653 3387 786 3454 deorum
808 3386 932 3454 hostem
956 3435 963 3450 .
985 3406 1049 3470 quo
1073 3385 1188 3454 timore
1219 3389 1383 3471 permotus
1410 3386 1442 3452 in
1465 3376 1609 3454 allusio

321 3490 440 3575 figuras
474 3509 509 3558 se
541 3492 751 3576 conuertisse3
782 3491 975 3558 Mercurium
1006 3491 1125 3559 factum
1157 3510 1227 3558 esse
1258 3491 1343 3573 ibim,
1370 3491 1551 3575 Apollinem

389 3730 414 3783 D
433 3735 450 3786 8
468 3747 536 3787 eum.
555 3748 606 3786 om.
622 3733 659 3799 19
677 3735 708 3784 ut
725 3746 785 3786 curn
800 3731 805 3800 Ι
822 3735 852 3786 ll
871 3736 902 3786 ut
919 3746 952 3785 ex
969 3731 1080 3787 istarum
1096 3731 1218 3786 acumine
1240 3737 1269 3786 et
1294 3731 1417 3788 celeribus
1438 3747 1495 3788 assa
1512 3732 1552 3786 ui-

320 3813 429 3870 deretur
444 3817 449 3884 Ι
464 3821 498 3872 20
515 3817 644 3886 punimus.
662 3845 695 3856 -·
719 3815 743 3869 G
760 3819 777 3870 4
794 3814 922 3870 ilelicone
939 3831 991 3870 om.
1006 3822 1011 3879 Ι
1027 3820 1060 3871 14
1076 3815 1157 3885 pedes
1174 3816 1253 3872 huius
1268 3818 1272 3884 Ι
1287 3823 1316 3871 et
1332 3833 1382 3874 om.
1398 3818 1404 3886 Ι
1418 3822 1453 3874 20
1465 3817 1552 3888 punis·

322 3915 384 3955 cuos
399 3901 404 3968 Ι
418 3905 450 3956 21
470 3900 681 3969 deformatione!
696 3905 730 3958 26
746 3899 818 3970 ybiu.

319 4025 523 4033 *nn-*n-

392 4091 409 4142 2
428 4087 544 4157 Crotum,
564 4086 599 4141 cf.
616 4086 686 4156 Hyg.
704 4086 790 4155 Myth.
808 4100 847 4154 cp.
867 4085 1089 4156 2241euphemIs
1106 4085 1131 4140 D
1146 4086 1170 4140 G
1185 4088 1190 4154 Ι
1205 4091 1222 4143 4
1239 4103 1292 4142 uon
1309 4103 1335 4145 u.
1355 4087 1379 4142 (i
1396 4087 1468 4158 uulg.
1486 4105 1550 4144 non·

321 4187 464 4240 numquam
484 4174 489 4239 Ι
508 4176 525 4227 6
543 4171 615 4240 uulg.
634 4170 716 4242 syluis
736 4172 741 4238 Ι
761 4175 778 4225 7
795 4170 877 4225 musIs
898 4170 915 4225 i.
939 4187 962 4229 e.
980 4170 1086 4240 studiis,
1113 4170 1186 4240 uulg.
1203 4171 1288 4228 Musis
1306 4173 1312 4240 Ι
1331 4176 1349 4229 Β
1366 4187 1427 4228 eum
1453 4172 1506 4229 del.
1525 4174 1550 4229 G

322 4254 395 4322 uulg.
414 4255 608 4310 deiormaretur
621 4257 658 4324 19
676 4264 704 4309 et
721 4270 781 4310 curn
800 4255 824 4309 G
841 4255 913 4322 uulg.
931 4261 963 4310 ut
979 4273 1038 4310 cum
1053 4258 1058 4324 Ι
1075 4261 1104 4312 11
1124 4272 1179 4324 sag.
1197 4255 1222 4310 D
1237 4257 1261 4311 G
1277 4256 1350 4325 uulg.
1367 4257 1479 4326 sagittus
1500 4275 1549 4327 pro

322 4338 429 4406 ingenio
447 4379 455 4394 .
473 4339 520 4393 sed
539 4339 586 4394 illa
599 4333 659 4409 ‘pro
676 4333 789 4407 ingenio'
808 4339 897 4406 glossa
914 4353 972 4394 esse
990 4339 1115 4395 uidentur
1130 4341 1135 4408 Ι
1150 4341 1207 4396 eius
1224 4341 1248 4396 G
1266 4340 1338 4409 uulg.
1357 4357 1416 4411 essa
1431 4343 1436 4409 Ι
1453 4347 1485 4398 12
1497 4342 1551 4397 iarn
1639 4369 1641 4373 v

320 4421 410 4478 addidi
427 4438 461 4477 ex
477 4423 503 4477 D
519 4423 524 4492 Ι
541 4429 573 4479 13
592 4424 672 4478 Croto
690 4422 779 4478 addidi
797 4437 831 4478 ax
848 4423 882 4478 ia
900 4421 969 4477 idern
988 4424 1073 4479 uoluit
1086 4425 1243 4495 wesseling.
1256 4423 1274 4481 l.
1289 4441 1311 4482 u
1327 4431 1331 4494 Ι
1348 4427 1382 4480 14
1399 4433 1427 4480 et
1444 4427 1471 4481 in
1488 4426 1550 4480 DII

292 4515 294 4522 '
319 4508 391 4576 uulg.
410 4509 437 4562 iu
460 4510 466 4577 Ι
490 4513 523 4566 16
541 4509 605 4579 (lap.
623 4509 738 4565 XXVIII
756 4511 803 4564 Ar.
822 4508 921 4564 Phaon.
943 4514 972 4564 et
995 4508 1081 4566 Schol.
1100 4510 1189 4564 Germ.
1207 4515 1258 4568 284
1275 4525 1345 4580 squ,
1372 4510 1472 4566 catum
1489 4515 1524 4566 27
1542 4511 1548 4580 Ι

265 4633 269 4640 -
320 4598 351 4650 21
371 4601 399 4648 et
417 4594 487 4663 quod
505 4595 530 4648 D
545 4595 570 4650 G
587 4595 659 4664 uulg.
677 4594 747 4664 quod
761 4595 768 4659 Ι
782 4610 849 4651 mur.
868 4594 932 4649 DG
949 4594 1021 4664 uuig.
1038 4594 1182 4650 muricibus
1208 4593 1235 4648 id
1261 4600 1304 4649 ert
1329 4593 1467 4649 maritimis
1488 4610 1549 4650 eon·

321 4679 415 4750 chyliis
434 4721 440 4734 .
459 4679 506 4735 sed
523 4681 617 4736 ultIma
634 4681 718 4736 uerba
736 4687 767 4736 ιιι
783 4681 871 4749 glossa
888 4678 1008 4735 eiciendo
1024 4685 1087 4735 sunt
1100 4680 1106 4750 Ι
1121 4679 1285 4738 22iactione
1298 4680 1331 4734 D.
1349 4681 1461 4736 fortusse
1478 4680 1550 4734 iacu-

318 4764 418 4819 latione
442 4769 447 4831 Ι
470 4769 503 4820 23
522 4764 614 4819 dicunt
631 4771 727 4833 poetae
745 4764 809 4820 DG
832 4766 838 4832 Ι
861 4779 920 4818 cum
938 4769 988 4819 etc
1007 4764 1040 4820 cf.
1058 4765 1126 4835 Hyg.
1145 4765 1231 4835 Myth.
1250 4781 1290 4834 cp.
1311 4768 1360 4821 196
1373 4765 1388 4834 Ἰ
1410 4765 1496 4834 oonpl.
1515 4763 1549 4818 de

319 4855 432 4921 aegypto
450 4850 484 4919 D,
502 4850 596 4920 compl.
615 4848 648 4904 de
666 4849 755 4920 ogipto
773 4851 865 4920 Gyas
882 4866 957 4922 penu.
974 4848 1000 4902 D
1014 4848 1039 4903 G
1055 4848 1127 4917 uulg.
1146 4850 1249 4904 uenisse
1264 4850 1269 4916 Ι
1283 4864 1367 4904 aaerr.
1385 4849 1402 4903 i.
1420 4864 1442 4903 e.
1461 4848 1549 4904 tortis·

319 4935 413 4990 simum
432 4975 437 4988 .
457 4935 495 4989 sic
512 4934 632 4990 h‘rontin.
651 4941 727 4990 strat.
748 4940 771 5005 1,
790 4942 815 5006 2,
833 4941 862 5003 s;
889 4937 965 4993 Seru.
983 4936 1050 4990 Aen.
1072 4939 1164 5005 1,22ι)
1187 4937 1192 5003 Ι
1216 4939 1249 4991 25
1267 4934 1372 4990 hostem
1389 4932 1453 4989 DG
1475 4934 1547 5004 quy.

320 5020 455 5076 inimicum
470 5021 476 5088 Ι
491 5024 525 5077 ao
542 5019 605 5075 ihim
622 5020 648 5074 Il
666 5021 737 5089 uulg.
758 5021 826 5077 Ibin.
943 5061 947 5076 .
