4020 5910
876 659 1106 751 ..33-'
1180 658 1272 743 ,’

367 860 498 944 poribus
520 857 635 942 quibus
657 857 817 924 Homerus
839 851 914 937 luit,
944 853 1024 921 haec
1044 853 1160 920 Arctos
1188 853 1238 918 est
1259 847 1424 934 appellata
1445 892 1453 911 .
1475 845 1516 911 de
1537 842 1599 910 VII

365 962 524 1030 trionibus
547 961 602 1026 ille
625 959 710 1026 enim
732 959 818 1041 dicit,
839 959 921 1025 hane
942 962 1080 1039 utroque
1100 953 1230 1022 nomine
1252 957 1285 1020 et
1301 953 1436 1019 Arctum
1454 952 1488 1015 et
1503 948 1600 1014 Plau·

366 1069 468 1128 strum
490 1062 661 1144 appellari;
682 1062 807 1127 Booten
824 1064 932 1125 autem
950 1076 1107 1141 nusquam
1125 1056 1270 1123 meminit
1286 1053 1523 1137 Arctophylaca
1543 1069 1600 1115 ao·

370 1182 493 1228 mmarr.

451 1263 569 1329 Incidit
600 1261 697 1328 etiam
728 1261 945 1344 compluribus
977 1259 1112 1342 erratio,
1142 1258 1258 1341 quibus
1289 1258 1330 1323 de
1361 1255 1465 1321 causis
1495 1249 1639 1319 minorb

366 1365 481 1430 Arctos
502 1363 660 1428 Phoenice
682 1361 871 1444 appelletur,
902 1365 936 1426 et
965 1360 1012 1426 illi
1035 1359 1090 1443 qui
1113 1358 1196 1424 hanc
1217 1359 1405 1439 obseruant,
1435 1354 1546 1422 uerius
1568 1359 1602 1418 et

368 1465 552 1550 <litigantium
588 1463 741 1548 rranigam
771 1463 930 1546 (licentur,
962 1479 1076 1544 quaro,
1111 1459 1138 1524 si
1172 1459 1252 1526 hacc
1282 1459 1326 1525 sit
1355 1456 1473 1525 certior
1504 1472 1600 1540 quam

367 1572 478 1652 maior,
497 1589 561 1636 non
580 1588 689 1635 omnes
706 1569 789 1634 hane
806 1567 979 1634 obseruent
997 1613 1004 1629 .
1023 1565 1078 1650 qui
1095 1585 1159 1631 non
1177 1563 1365 1646 intellegere
1381 1559 1542 1642 uidentur,
1560 1557 1601 1625 dc

369 1693 433 1757 qua
463 1673 599 1738 historia
629 1673 672 1737 sit
701 1669 846 1755 prolecta
872 1668 969 1751 ratio,
998 1674 1036 1735 ut
1057 1667 1216 1734 Phoenice
1246 1665 1436 1750 appelletur.
1483 1661 1601 1728 Thales

368 1776 452 1841 cuim
475 1774 627 1852 Milesius,
649 1773 703 1856 qui
726 1773 896 1855 diligenter
918 1772 959 1837 de
980 1771 1030 1836 his
1052 1770 1148 1836 rebus
1171 1766 1344 1851 exquisiuit
1365 1770 1399 1833 ct
1424 1765 1506 1832 hanc
1532 1761 1600 1847 pri·
1620 1762 1662 1827 10

369 1895 440 1942 mus
462 1875 594 1941 Arctum
617 1874 803 1957 appellauit,
823 1873 954 1939 natione
976 1872 1038 1938 fuit
1054 1871 1206 1955 Phoenix,
1227 1875 1265 1936 ut
1285 1867 1470 1934 Herodotus
1493 1865 1572 1932 dicit
1593 1912 1601 1928 .

369 1977 467 2060 igitur
499 1996 607 2043 omnes
638 1977 693 2059 qui
722 1977 981 2058 Peloponnesum
1011 1974 1163 2057 incolunt,
1193 1972 1302 2056 priore
1332 1974 1468 2036 utuntur
1493 1971 1600 2034 Arcto.

369 2079 544 2146 Phoenices
567 2083 675 2144 autem
698 2097 794 2160 quam
816 2099 836 2144 a
858 2097 917 2144 suo
941 2078 1109 2144 inuentore
1131 2079 1334 2158 acceperunt,
1364 2072 1546 2152 obseruant,
1568 2074 1602 2136 et

368 2181 450 2247 hanc
471 2181 646 2246 studiosius
669 2180 891 2264 perspiciendo
914 2180 1098 2264 diligentius
1121 2176 1275 2260 nauigare
1302 2173 1538 2256 existimantur,
1569 2175 1603 2238 ct

347 2302 446 2348 -ucre
468 2301 539 2347 earn
561 2282 602 2346 ah
624 2282 801 2348 inuentoris
824 2301 943 2364 genere
964 2282 1145 2348 Phoenicen
1168 2278 1341 2361 appellant
1452 2266 1454 2271 ’
1621 2267 1662 2334 15

452 2383 500 2446 ΙΗ
535 2382 731 2446 SERPENS.
776 2382 850 2446 HIC
883 2387 977 2447 uasto
1013 2399 1148 2463 corpore
1184 2379 1366 2446 ostenditur
1399 2377 1485 2442 inter
1520 2376 1601 2441 duas

367 2483 484 2547 Arctos
508 2481 683 2546 collocatus
706 2530 713 2544 .
737 2483 791 2563 qui
815 2481 930 2548 dicitur
952 2501 1051 2547 aurea
1076 2482 1162 2546 mala
1182 2479 1400 2562 Hesperidum
1422 2476 1601 2543 custodisse

368 2590 401 2649 ct
422 2584 463 2648 ah
486 2583 625 2648 llercule
647 2582 843 2664 interiectus,
865 2584 905 2648 ab
927 2583 1050 2650 Iunone
1072 2583 1156 2649 inter
1178 2581 1287 2648 sidera
1308 2581 1492 2660 collocatus,
1513 2578 1600 2661 quod

366 2685 454 2751 illius
476 2703 576 2766 opere
598 2683 753 2750 Hercules
775 2686 817 2749 ad
848 2704 921 2750 eum
943 2691 993 2751 est
1013 2684 1178 2768 protectus
1200 2731 1207 2747 .
1230 2682 1286 2765 qui
1316 2682 1446 2747 hortum
1468 2680 1600 2746 Iunonis
1657 2717 1659 2723 ·

367 2786 451 2851 tueri
474 2785 587 2849 solitus
611 2783 811 2850 existimatur
832 2833 840 2850 .
862 2786 909 2851 ait
930 2785 1014 2852 enim
1036 2785 1245 2869 Pherecydes,
1266 2785 1421 2850 Iunonem
1444 2800 1516 2848 cum
1539 2780 1597 2848 du·
1618 2774 1662 2838 20

366 2893 455 2954 cerot
475 2885 622 2968 Iuppiter
644 2905 790 2971 uxorem,
812 2889 944 2954 Terram
975 2888 1102 2954 uenisse
1123 2888 1277 2956 ferentem
1301 2906 1401 2954 aurea
1421 2886 1507 2952 mala
1528 2906 1600 2953 cum

366 2989 464 3053 ramis
483 3035 491 3050 .
508 3005 591 3069 quae
608 2986 762 3055 Iunonem
781 2989 981 3071 admiratam,
998 2990 1119 3072 petisse
1136 3010 1156 3056 a
1174 2990 1284 3072 Terra,
1305 2990 1393 3055 utin
1411 2990 1478 3055 suis
1495 2988 1600 3054 hortis

368 3095 500 3168 sereret,
522 3086 577 3168 qui
600 3093 692 3154 erant
713 3109 815 3174 usque
841 3091 883 3157 ad
905 3092 1069 3159 Atlantem
1099 3095 1241 3158 montem
1263 3137 1271 3153 .
1294 3090 1384 3157 cuius
1415 3089 1501 3155 filiae
1527 3108 1599 3156 curu

400 3313 461 3380 tl)
478 3320 495 3371 3
513 3306 745 3378 arct⁰ul¹ylachem
768 3313 773 3382 Ι
796 3318 813 3370 6
830 3319 919 3369 arctus
941 3314 947 3382 Ι
970 3313 1105 3384 phoenitic
1123 3313 1274 3385 appellatur
1293 3313 1299 3383 Ι
1318 3312 1451 3370 dioenicc
1469 3313 1474 3380 Ι
1494 3312 1573 3369 Tales
1593 3316 1599 3384 Ι

370 3410 400 3462 11
419 3405 508 3462 loenix
528 3410 534 3477 Ι
553 3400 739 3468 herodothusl
760 3405 792 3456 13
809 3405 838 3455 et
863 3400 1006 3456 ohseruout
1024 3399 1030 3469 Ι
1051 3405 1082 3456 18
1100 3400 1189 3455 ercule
1208 3401 1214 3468 Ι
1235 3404 1267 3456 19
1284 3397 1398 3454 iunioris
1413 3399 1419 3469 Ι
1433 3404 1467 3456 20
1488 3399 1599 3470 phoere·

368 3490 444 3548 tides.
462 3521 497 3532 -
515 3493 540 3548 G
557 3498 574 3549 6
591 3490 702 3561 phenice
716 3489 722 3557 Ι
737 3493 753 3544 7
774 3485 928 3553 diligentins
954 3491 982 3539 et
1007 3484 1098 3538 nerias
1112 3485 1149 3551 Ι9
1167 3484 1240 3553 quali
1255 3488 1260 3552 Ι
1274 3483 1385 3553 phenice
1400 3484 1405 3551 Ι
1424 3487 1453 3539 ll
1472 3483 1573 3553 phenix
1592 3483 1598 3550 Ι
1660 3511 1666 3522 ·

371 3577 402 3630 13
416 3575 546 3630 Phenioes
560 3579 566 3643 Ι
582 3580 616 3631 14
628 3574 785 3629 estimantur
800 3571 805 3637 Ι
822 3573 854 3624 16
866 3568 1004 3638 phenicen.
1015 3567 1083 3621 -N
1096 3573 1113 3623 2
1126 3569 1197 3622 enim
1209 3568 1256 3622 ille
1270 3567 1276 3637 Ι
1291 3573 1307 3624 3
1320 3568 1451 3623 nominari
1466 3569 1472 3638 Ι
1486 3573 1599 3624 (tereto-

367 3658 479 3726 phenice
493 3660 499 3726 Ι
513 3662 531 3715 9
548 3657 731 3729 appellaretur
745 3657 751 3724 Ι
767 3657 799 3709 14
817 3651 970 3721 diligentins
986 3669 1037 3708 om.
1053 3652 1105 3719 121
1124 3651 1243 3722 iupiter!
1258 3651 1400 3707 inuenisse.

436 3869 449 3919 1
469 3863 502 3920 cl.
523 3865 600 3920 llom.
619 3861 666 3918 0d.
686 3869 711 3925 6,
734 3866 785 3919 276
799 3863 804 3930 Ι
819 3865 905 3916 arctos
923 3857 986 3914 GN
1004 3863 1094 3913 arctus
1110 3858 1144 3912 D.
1162 3859 1275 3913 sortasse
1292 3859 1441 3929 promiscuo
1459 3859 1526 3918 dixit
1543 3861 1599 3933 lly-

370 3948 449 4016 ginus
466 3953 554 4003 arctus
568 3951 705 4014 et'aretos,
723 3953 826 4001 arctum
844 3951 873 3999 et
889 3950 981 4000 arcton
996 3945 1001 4014 Ι
1016 3943 1067 3998 vll
1085 3949 1118 3998 tr.
1128 3943 1235 4012 Dunlg.
1248 3945 1487 4014 septemtrionibus
1501 3948 1507 4017 Ι
1521 3951 1539 4003 2
1557 3964 1600 4003 ar-

366 4039 439 4085 ctum
456 4031 482 4085 D
496 4031 520 4085 G
533 4031 558 4085 N
575 4032 648 4098 nulg.
666 4031 768 4085 Arcton
782 4033 788 4098 Ι
803 4036 819 4086 3
837 4028 968 4099 appellari
986 4027 1010 4082 D
1025 4029 1050 4083 G
1066 4028 1139 4097 uulg.
1155 4021 1302 4084 ‘nominari'
1322 4030 1392 4098 qnod
1409 4033 1499 4088 statim
1516 4035 1598 4090 etiam

365 4114 392 4167 iu
407 4129 477 4183 seqq.
492 4122 534 4168 est
548 4115 552 4182 Ι
568 4115 710 4184 Perpetem
721 4103 831 4168 ‘lrootos’
846 4113 871 4166 D
886 4113 909 4168 G
924 4112 948 4166 N
963 4115 968 4180 Ι
982 4112 1163 4182 arctophilaca
1177 4114 1200 4166 G
1213 4113 1239 4168 N
1253 4113 1259 4181 Ι
1274 4119 1291 4170 6
1304 4121 1390 4169 arctor
1400 4115 1424 4169 (1
1433 4123 1514 4186 atque
1527 4117 1598 4174 idem

364 4199 532 4254 scrilmndum
557 4197 664 4253 uidetur
690 4214 723 4252 ex
740 4197 900 4264 NlCatast.
920 4203 937 4253 2
958 4195 1081 4266 Φοινίκη
1097 4198 1103 4267 Ι
1118 4203 1134 4254 7
1152 4195 1305 4266 diligentius
1331 4197 1348 4254 i.
1375 4214 1398 4255 e.
1425 4203 1574 4258 accuratius
1590 4204 1595 4271 Ι

364 4300 447 4354 qrrarc
464 4283 489 4337 ,11
504 4281 565 4370 (111
584 4284 655 4354 uulg.
674 4289 702 4338 et
728 4299 812 4354 quere
826 4284 832 4352 Ι
846 4283 952 4353 certior,
979 4283 1012 4339 cs.
1032 4284 1120 4338 Arat'
1131 4283 1230 4338 Phaon.
1247 4286 1290 4354 44,
1308 4283 1400 4342 Manli.
1418 4287 1440 4357 I,
1458 4289 1508 4344 301
1528 4287 1595 4344 Ger-

362 4385 431 4424 man.
451 4385 476 4424 u.
495 4373 528 4425 45
544 4375 549 4432 Ι
564 4373 581 4424 8
598 4369 645 4424 int
664 4369 728 4424 DN
750 4369 821 4439 nnlg.
837 4369 986 4440 intelligere
1000 4371 1006 4438 Ι
1021 4375 1037 4426 9
1055 4369 1128 4439 uulg.
1144 4361 1254 4425 ‘Tharlce
1272 4369 1343 4425 enim
1355 4370 1402 4440 qui
1420 4413 1427 4426 .
1446 4413 1452 4427 .
1472 4415 1478 4430 .
1497 4378 1529 4429 ut
1541 4373 1596 4429 lle·

363 4456 472 4511 rodotue
489 4454 610 4510 Milesius
628 4451 698 4510 dieit'
718 4453 788 4511 idem
806 4455 831 4509 D
845 4455 869 4510 (1
882 4455 907 4511 ll
924 4455 1024 4512 hahent
1042 4498 1049 4512 .
1067 4453 1137 4526 quod
1155 4453 1228 4526 dodi,
1246 4455 1333 4512 noluit
1349 4455 1458 4512 Vossius
1475 4457 1517 4513 De
1534 4457 1596 4516 hist.

364 4543 409 4596 Gr.
425 4545 430 4609 Ι
448 4547 477 4597 11
497 4549 600 4596 arctum
618 4541 643 4594 1)
657 4539 719 4596 GN
736 4541 808 4610 uulg.
828 4542 929 4598 Arcton
944 4543 949 4612 Ι
964 4541 1072 4598 natione
1090 4548 1139 4598 ete.
1153 4541 1288 4612 llyginum
1301 4541 1428 4598 Herodoti
1442 4542 1526 4600 uerba
1542 4561 1596 4601 non

363 4637 436 4683 recte
453 4627 598 4683 reddidisse
616 4626 765 4698 supradixi
779 4628 937 4697 inProlegg.
956 4629 990 4686 ci.
1009 4627 1106 4684 Herod
1124 4632 1147 4698 l,
1167 4632 1236 4689 1701
1253 4632 1286 4684 12
1302 4627 1510 4698 peloponensem
1527 4629 1598 4688 Du.

363 4713 488 4768 lectiones
505 4728 646 4781 peruereae
664 4713 720 4769 cod.
734 4713 761 4768 N
774 4713 802 4766 iu
819 4714 989 4783 sequentibus
1006 4731 1059 4769 non
1077 4728 1183 4783 semper
1199 4727 1331 4782 apponam
1345 4715 1350 4783 Ι
1367 4718 1399 4771 16
1416 4715 1480 4784 Dap.
1493 4717 1534 4772 111
1547 4716 1596 4770 Ar.

362 4797 460 4853 Phaen.
478 4801 512 4852 46
530 4813 596 4866 sqq,
615 4798 713 4852 catast.
732 4813 772 4866 cp.
788 4803 818 4865 83
836 4798 922 4852 Sohol.
942 4799 1030 4854 Germ.
1045 4814 1071 4853 u.
1085 4802 1120 4854 48
1133 4813 1206 4866 sqq.;
1224 4797 1310 4867 hlpth.
1329 4797 1389 4854 Uet.
1406 4799 1428 4869 1,
1447 4804 1497 4857 106
1511 4801 1517 4870 Ι
1531 4800 1596 4870 phe·

362 4884 464 4938 recides
490 4883 552 4938 GN
575 4883 608 4940 cl.
632 4883 719 4940 Schol.
742 4886 797 4954 Ap.
813 4884 899 4940 Rhod.
922 4891 946 4954 3,
976 4887 1109 4954 1396121
1134 4883 1239 4939 uenisse
1257 4883 1282 4937 D
1300 4884 1325 4938 G
1342 4885 1415 4954 uulg.
1442 4884 1595 4956 inuenisse!

361 4981 396 5030 22
413 4970 510 5040 petisse
527 4970 552 5023 l)
566 4971 589 5024 (l
603 4970 675 5038 rudg.
693 4971 801 5040 petiisse
816 4973 820 5038 Ι
835 4975 868 5026 23
886 4971 1033 5026 athlantem
1051 4972 1076 5025 D
1091 4971 1123 5026 G.

413 5065 512 5116 Dante,
528 5065 608 5118 llpglni
620 5064 774 5108 Astroaonrica
1371 5063 1388 5114 8
