4016 5914
868 727 1104 793 ..109-

376 917 448 966 cum
478 900 525 965 ita
556 897 611 980 sit,
641 896 669 963 si
699 896 762 963 dno
785 896 892 963 sidera
918 892 1012 963 simol
1037 893 1159 963 luerint
1180 898 1267 980 orto,
1293 915 1390 964 unum
1414 896 1454 965 ab
1476 897 1615 980 arctico,¹

376 1001 511 1065 altemm
538 998 579 1065 ab
606 997 783 1064 antarctico
812 996 945 1080 circulo,
977 997 1079 1064 serius
1110 997 1236 1064 occidet
1261 997 1295 1064 id
1323 998 1426 1081 sidus,
1456 999 1542 1081 qood
1564 999 1604 1065 ab

376 1101 495 1167 arctico
519 1100 637 1167 circulo
659 1099 757 1167 inerit
780 1106 939 1184 exortum
964 1100 1037 1166 ideo
1067 1099 1153 1184 qnod
1176 1091 1329 1166 maior'em
1351 1098 1450 1168 habet
1471 1100 1605 1166 circnm-

376 1203 557 1272 ductionem
580 1203 746 1287 sphaerae,
768 1223 863 1287 quam
885 1203 970 1287 quod
993 1223 1013 1269 o
1034 1203 1123 1271 notio
1141 1201 1216 1287 polo
1235 1207 1285 1272 cst
1302 1208 1407 1270 ortum
1427 1252 1434 1269 .
1451 1204 1479 1271 si
1497 1210 1605 1274 autem
1636 1215 1639 1224 '

376 1306 470 1373 simul
493 1307 681 1388 occiderint,
712 1307 814 1372 serius
837 1307 999 1372 exorietur
1020 1307 1054 1372 id
1077 1306 1216 1387 signum,
1246 1307 1332 1388 qnod
1361 1307 1402 1372 ab
1429 1305 1604 1372 antarctico
1627 1305 1649 1372 o

375 1405 473 1473 luerit
490 1412 652 1488 exertum3
673 1408 746 1472 idco
769 1409 855 1489 quod
877 1412 946 1473 tota
964 1408 1020 1472 illa
1042 1405 1210 1472 collocatio
1228 1407 1338 1473 mnndi
1356 1408 1510 1473 maiorem
1528 1425 1604 1489 par-

376 1513 440 1574 tem
459 1509 559 1575 habet
576 1509 635 1575 sub
655 1513 751 1591 terro,
773 1527 867 1591 qnam
886 1508 943 1574 illo
959 1527 1044 1592 para,
1061 1527 1145 1590 quac
1162 1508 1195 1575 in
1212 1510 1311 1576 boreo
1330 1510 1405 1591 polo
1425 1513 1475 1575 est
1491 1507 1604 1574 linita.

377 1614 410 1674 et
431 1629 494 1676 noo
517 1611 612 1677 modo
635 1611 727 1694 signa
749 1629 831 1692 quae
852 1614 928 1675 sunt
954 1610 996 1675 ad
1023 1609 1165 1676 arcticon
1186 1610 1281 1677 tinem
1312 1610 1482 1693 collocata,
1512 1627 1604 1694 prae·

376 1714 464 1776 stant
485 1712 523 1777 iis
546 1713 742 1796 corporibus,
764 1716 821 1778 aut
842 1711 944 1778 serius
967 1711 1116 1777 occidunt
1139 1716 1172 1779 et
1192 1716 1267 1779 ante
1290 1712 1486 1795 exoriuntur,
1509 1730 1605 1795 quam

377 1829 415 1877 ea
438 1833 520 1894 quae
542 1815 631 1882 notio
650 1816 725 1898 polo
749 1813 963 1898 depinximus;
986 1813 1042 1880 scd
1065 1813 1136 1897 ipsa
1158 1807 1285 1898 quoque
1307 1832 1443 1898 corpora
1464 1814 1549 1880 inter
1571 1813 1667 1880 se10

379 1915 584 1998 dissentiunt,
614 1921 651 1982 ot
672 1917 698 1982 si
722 1917 807 2001 qued
829 1916 961 1983 inferius
983 1917 1187 2004 disignum,
1218 1923 1251 1984 et
1279 1917 1314 1984 id
1345 1936 1416 1983 curn
1438 1917 1605 1999 superiore

379 2020 555 2100 exoriatur,
585 2023 692 2084 tamen
714 2019 817 2085 serius
839 2019 964 2084 occidat
986 2066 993 2082 .
1017 2019 1217 2084 econtrario
1239 2019 1348 2100 itaque
1379 2019 1406 2084 si
1437 2037 1500 2100 qna
1530 2021 1606 2082 sunt

378 2117 470 2200 signa
491 2119 531 2185 ab
554 2120 779 2200 aequinoctiali
802 2119 920 2184 circulo
942 2119 984 2183 ad
1014 2119 1138 2184 notium
1169 2118 1279 2200 polum
1310 2117 1460 2202 figurato,
1490 2118 1604 2184 horum

379 2218 406 2285 si
430 2239 493 2302 qna
516 2221 607 2304 signo
622 2222 744 2304 paritor
767 2225 878 2287 exorto
900 2218 1028 2302 iruerint,
1051 2218 1144 2286 citius
1168 2221 1313 2288 occident
1335 2239 1430 2304 quam
1452 2239 1499 2298 ea,
1522 2238 1606 2303 quac

379 2323 524 2406 proxime
546 2325 653 2406 polum
677 2325 833 2390 accedunt
856 2372 862 2386 .
885 2323 993 2390 euenit
1015 2323 1121 2406 etiam,
1143 2327 1266 2390 utnon
1288 2322 1384 2390 modo
1407 2341 1489 2407 quae
1511 2317 1665 2388 simn115

378 2426 443 2490 sint
466 2430 578 2492 exorta
600 2426 716 2507 sidera,
738 2445 776 2490 en
798 2425 847 2490 his
871 2426 973 2492 serius
995 2425 1155 2507 occidant,
1178 2444 1260 2507 quac
1282 2425 1429 2508 proxime
1451 2424 1605 2496 arcticum

379 2529 532 2593 circulum
565 2533 640 2595 sunt
670 2529 845 2610 collocata,
874 2530 931 2595 sed
963 2528 1060 2595 etiam
1091 2527 1119 2592 si
1149 2546 1212 2610 qna
1244 2544 1355 2594 eorum
1387 2531 1462 2593 ante
1493 2530 1606 2592 exorta

381 2629 510 2712 fuerint,
539 2651 622 2714 quae
644 2633 781 2699 suntad
803 2633 926 2699 notium
953 2630 1063 2715 polum
1094 2629 1195 2713 linito,
1226 2635 1333 2697 tamen
1364 2635 1439 2696 ante
1462 2630 1609 2697 occidant

379 2752 474 2816 quam
497 2753 536 2799 ea
558 2754 703 2818 corpora,
725 2753 806 2816 quae
828 2735 861 2800 in
883 2735 981 2802 borco
1004 2733 1079 2818 polo
1101 2731 1240 2816 figurata
1262 2751 1332 2800 esse
1354 2751 1454 2816 supro
1476 2719 1622 2798 demon-⁴

379 2836 566 2920 strauimnS,
593 2837 666 2903 idoo
689 2837 773 2922 qued
797 2837 916 2903 maiore
940 2836 1208 2903 circumductione
1230 2836 1387 2918 sphaerae
1410 2839 1545 2902 utuntur
1567 2853 1606 2900 eo
1624 2834 1667 2899 20

379 2961 528 3026 corpora,
559 2961 641 3026 spurcae
672 2943 712 3011 ιιΙι
744 2941 968 3028 aequinoctiali
1000 2941 1119 3009 circuio
1151 2939 1193 3008 od
1223 2940 1376 3008 arcticum
1409 2939 1503 3008 linem
1531 2943 1606 3006 sarrit

380 3047 563 3112 constituta.

465 3147 568 3228 Igitur
590 3149 800 3228 ostendimur,
831 3168 894 3230 qua
915 3147 1119 3213 inclinatione
1149 3147 1258 3212 mnndi
1290 3146 1427 3229 sphoera
1458 3146 1501 3210 sit
1531 3165 1604 3210 eon·

379 3247 494 3312 stituta
512 3296 518 3310 .
536 3267 619 3314 nunc
637 3250 678 3314 ad
696 3249 758 3314 llll
776 3249 867 3332 signa
884 3253 1094 3330 reuertamur,
1115 3254 1149 3313 ct
1166 3267 1301 3330 quorum
1324 3253 1437 3313 exortu
1460 3248 1604 3328 quaeda

379 3348 511 3431 reliquis
534 3352 720 3434 corporibus
744 3351 889 3452 occidant¹
911 3354 968 3416 out
990 3350 1143 3432 oriantur,
1165 3347 1484 3416 commemorabimus
1507 3340 1605 3415 otlri·
1623 3341 1667 3409 25

379 3447 459 3513 tium
481 3450 522 3516 ab
544 3448 654 3516 Ariete
677 3449 837 3517 iaciemus.

465 3553 528 3617 XII
557 3553 697 3620 Arietis
720 3559 833 3620 exortu
856 3553 986 3619 sinistra
1007 3572 1083 3635 pars
1097 3550 1320 3618 Andromedae
1338 3552 1519 3636 prouenirq
1540 3553 1607 3617 Ara

380 3658 488 3721 autem
520 3657 664 3723 occidere
695 3659 853 3723 uidetur.
876 3675 947 3722 cum
979 3659 1090 3723 eodem
1124 3656 1229 3722 sidere
1260 3655 1403 3720 exoritur
1434 3659 1468 3720 et
1497 3654 1607 3720 Persei

450 3908 474 3961 D
495 3913 525 3965 ll
544 3916 591 3965 aut
607 3911 628 3966 si
644 3913 649 3978 Ι
666 3914 698 3966 12
716 3910 812 3966 occidit
827 3912 832 3978 Ι
846 3909 881 3964 ito
898 3911 903 3978 Ι
920 3913 951 3966 14
967 3897 1058 3978 ‘quam
1075 3901 1114 3963 ea'
1133 3923 1189 3978 ¹om.
1205 3910 1210 3976 Ι
1227 3911 1259 3964 16
1276 3907 1399 3963 occidunt
1425 3921 1504 3978 qnam
1530 3921 1581 3975 que
1600 3905 1605 3978 1

381 3995 415 4050 25
433 3999 695 4054 commemoraremus
709 3999 715 4066 Ι
729 3996 845 4055 inicium.
864 3997 888 4052 (i
906 4000 922 4054 o
939 3996 1043 4066 signum
1062 3995 1088 4050 id
1106 3994 1178 4064 quod
1200 3994 1234 4050 ab
1256 3994 1387 4050 entartico
1404 3992 1503 4049 circulo
1520 4000 1614 4072 ortum¹

381 4088 423 4136 est
439 4082 524 4137 serius
541 4083 642 4138 orietur
656 4086 662 4152 Ι
676 4088 692 4138 7
705 4083 753 4138 illa
770 4098 821 4137 om.
837 4084 842 4150 Ι
858 4087 890 4137 12
903 4087 993 4136 manen
1006 4081 1084 4136 eitius
1099 4082 1104 4150 Ι
1121 4085 1153 4138 14
1166 4081 1250 4137 serius
1263 4080 1382 4137 occident
1396 4082 1402 4150 i
1418 4081 1451 4137 18
1464 4079 1587 4136 occidunt
1601 4080 1606 4150 1

382 4172 417 4224 20
433 4167 524 4222 maiori
540 4167 594 4236 124
612 4168 734 4224 instituta
747 4169 753 4238 Ι
767 4174 801 4225 27
819 4161 981 4225 endromade
999 4174 1113 4238 apparet
1130 4209 1137 4223 .
1155 4183 1211 4224 ara.

393 4311 516 4318 u--u-..m
524 4311 535 4316 .,

451 4397 467 4447 7
485 4391 566 4445 lrobot
582 4391 645 4446 DG
663 4390 734 4460 nrrlg.
753 4390 851 4446 habeat
870 4393 875 4460 Ι
895 4394 912 4447 8
929 4397 994 4446 arci.
1012 4389 1037 4443 D
1053 4390 1077 4444 G
1095 4389 1166 4457 uulg.
1186 4388 1314 4444 arcticum
1333 4391 1338 4457 Ι
1358 4387 1431 4457 nnlg.
1450 4385 1610 4458 praestanti-

383 4475 446 4545 bus,
463 4476 607 4545 prestantis
625 4476 649 4529 D
668 4475 716 4530 sed
733 4475 845 4531 fortasse
863 4475 961 4532 uoluit:
979 4480 1118 4544 praestant
1135 4473 1157 4528 is
1174 4473 1200 4540 (i.
1215 4473 1292 4543 elis,
1310 4479 1439 4542 utsupra
1456 4488 1482 4541 p.
1501 4474 1546 4541 ol,
1563 4474 1610 4538 2).

383 4560 454 4629 qood
471 4559 545 4628 dedi,
562 4560 629 4615 coni.
647 4561 684 4614 M.
701 4562 754 4628 116
771 4565 834 4616 snm
850 4560 981 4629 1)(1123
998 4549 1095 4626 ‘Igitur
1114 4599 1120 4614 .
1139 4597 1146 4611 .
1165 4599 1171 4613 .
1190 4553 1364 4612 reuertamur’
1384 4557 1458 4610 llaec
1479 4556 1507 4609 in
1524 4554 1549 4608 D
1567 4554 1610 4609 lit-

385 4645 449 4700 teris
465 4644 609 4713 grandibus
630 4645 729 4714 scripta
746 4651 808 4700 sont
822 4647 827 4714 Ι
842 4649 876 4701 24
894 4659 949 4699 reu.
967 4644 992 4696 D
1007 4643 1031 4697 G
1049 4642 1123 4711 nnlg.
1140 4649 1307 4698 reuertemur
1328 4645 1333 4709 Ι
1353 4646 1386 4696 27
1404 4641 1467 4710 Cap.
1486 4639 1539 4693 Xll
1555 4639 1611 4708 lly-

384 4728 461 4798 ginos
477 4728 503 4784 la
522 4729 540 4785 l.
558 4729 587 4783 in
604 4729 725 4798 plurimis
743 4730 821 4784 Arati
839 4729 1024 4784 securitatem
1041 4726 1149 4796 (Phaon.
1166 4729 1311 4792 scs-731)
1328 4730 1435 4780 secutus
1451 4729 1500 4793 est,
1518 4722 1612 4792 incipit

385 4820 473 4868 tamon
491 4814 639 4882 obdriaca,
657 4831 706 4870 nec
722 4820 753 4869 ct
770 4816 870 4870 Aratus
887 4830 905 4868 ιι
922 4815 1023 4869 Cenem
1038 4814 1043 4880 1
1058 4816 1093 4869 28
1106 4811 1198 4867 Persei
1216 4818 1265 4868 ete.
1284 4810 1433 4866 accuratius
1451 4815 1520 4865 essct
1535 4801 1610 4863 ‘Per-

385 4897 423 4952 sei
441 4904 522 4966 capnt
538 4913 598 4953 eum
615 4898 718 4966 reliquo
735 4913 846 4968 corpore
864 4899 957 4967 usqns’
975 4909 1004 4954 er
1020 4898 1059 4954 sic
1077 4898 1105 4954 in
1123 4914 1178 4966 sqq.
1196 4896 1309 4952 diuersis
1327 4895 1391 4951 loeis
1409 4895 1521 4964 legimus
1540 4936 1546 4950 .
1564 4891 1612 4950 sed

385 4982 507 5037 similiter
524 4981 649 5038 Martiae.
668 4983 731 5052 Cap.
750 5000 776 5054 p.
795 4987 846 5038 312
861 4982 937 5053 Eyss.
953 4971 1054 5038 ‘Persei
1073 4989 1153 5051 eaput
1170 4997 1254 5051 usquo
1271 4981 1306 5036 od
1322 4974 1429 5037 aluum’.
